

@article{sandeetal20,
	Author = {Sande, Hannah and Jenks, Peter and Inkelas, Sharon},
	Date-Added = {2020-04-12 17:06:55 +0100},
	Date-Modified = {2020-04-12 17:07:19 +0100},
	Doi = {10.1007/s11049-020-09467-x},
	Journal = {Natural Language \& Linguistic Theory},
	Title = {Cophonologies by Ph(r)ase},
	Year = {2020},
	Bdsk-Url-1 = {http://dx.doi.org/10.1007/s11049-020-09467-x}}

@unpublished{wood20oup,
	Author = {Jim Wood},
	Note = {Ms., Yale},
	Title = {Icelandic nominalizations and allosemy},
	Year = {2020}}

@article{tyler19,
	Author = {Matthew Tyler},
	Date-Modified = {2020-05-24 15:38:56 +0100},
	Journal = {Syntax},
	Title = {Two kinds of external possession in {Mississippi} {Choctaw}},
	Year = {to appear}}

@unpublished{shlonsky89,
	Author = {Ur Shlonsky},
	Note = {Ms., University of {Haifa}},
	Title = {The Hierarchical Representation of Subject Verb Agreement},
	Year = {1989}}

@unpublished{oseki17nyu,
	Author = {Yohei Oseki},
	Note = {Ms., NYU. lingbuzz/003374},
	Title = {Voice morphology in {Japanese} transitivity alternations},
	Year = {2017}}

@unpublished{nie17,
	Author = {Yining Nie},
	Note = {Ms., NYU. lingbuzz/003750},
	Title = {Voice morphology and the features of transitivity},
	Year = {2017}}

@unpublished{koopman97,
	Author = {Koopman, Hilda},
	Date-Modified = {2020-05-25 15:33:55 +0100},
	Note = {Ms., {UCLA}},
	Title = {Prepositions, postpositions, circumpositions and particles: {The} structure of {Dutch} {PPs}},
	Year = {1997}}

@unpublished{koopman15u20,
	Author = {Hilda Koopman},
	Note = {Ms., {UCLA}},
	Title = {Generalized {U20} and Morpheme order},
	Year = {2015}}

@unpublished{katie13,
	Author = {Katherine Wallace},
	Note = {Ms., NYU. lingbuzz/002299},
	Title = {A Concatenative Approach to {Semitic} Templatic Morphology},
	Year = {2013}}

@unpublished{kalin18,
	Author = {Laura Kalin},
	Date-Modified = {2020-05-25 15:31:53 +0100},
	Note = {Ms., Princeton. lingbuzz/004258},
	Title = {Morphology before phonology: {A} case study of {Turoyo} ({Neo}-{Aramaic})},
	Year = {2020}}

@incollection{gouskovabobaljik20cup,
	Address = {Cambridge},
	Author = {Maria Gouskova and Bobaljik, Jonathan D.},
	Booktitle = {The {Cambridge} Handbook of {Distributed} {Morphology}},
	Date-Modified = {2020-05-25 15:24:53 +0100},
	Editor = {Artemis Alexiadou and Ruth Kramer and Alec Marantz and Isabel Oltra Massuet},
	Note = {Ms., NYU and Harvard},
	Publisher = {Cambridge University Press},
	Title = {Allomorphy and Vocabulary Insertion},
	Year = {submitted}}

@unpublished{dendikken03,
	Author = {Den Dikken, Marcel},
	Note = {Ms., CUNY},
	Title = {On the syntax of locative and directional adpositional phrases},
	Year = {2003}}

@unpublished{akkus19jl,
	Author = {Faruk Akkus},
	Note = {Ms., UPenn. lingbuzz/004341},
	Title = {Variable embedded agent in {Sason} {Arabic}},
	Year = {2019}}

@incollection{ahdout18nom,
	Address = {Dordrecht},
	Author = {Odelia Ahdout},
	Booktitle = {Perspectives on Causation},
	Date-Modified = {2020-05-23 16:43:35 +0100},
	Editor = {Elitzur Bar-Asher Siegal and Nora Boneh},
	Publisher = {Springer},
	Title = {Agent Exclusivity Effects in {Hebrew} Nominalizations},
	Year = {to appear}}

@phdthesis{zu18phd,
	Address = {New York, NY},
	Author = {Vera Zu},
	Institution = {New York University},
	Note = {lingbuzz/003884},
	Title = {Discourse Participants and the Structural Representation of the Context},
	Year = {2018}}

@phdthesis{wood12phd,
	Address = {New York, NY},
	Author = {Jim Wood},
	School = {New York University},
	Title = {Icelandic Morphosyntax and Argument Structure},
	Year = {2012}}

@phdthesis{winchester19phd,
	Address = {Washington, DC},
	Author = {Lindley Winchester},
	School = {Georgetown University},
	Title = {The {Morphosyntax} of the {Maltese} Determiner Phrase},
	Year = {2019}}

@phdthesis{volpe05,
	Address = {Stony Brook, NY},
	Author = {Volpe, Mark Joseph},
	Date-Modified = {2020-05-25 15:58:40 +0100},
	School = {Stony Brook University},
	Title = {Japanese Morphology and its theoretical consequences: {Derivational} morphology in {Distributed} {Morphology}},
	Year = {2005}}

@phdthesis{ussishkin00phd,
	Address = {Santa Cruz, CA},
	Author = {Adam Ussishkin},
	School = {University of California, Santa Cruz},
	Title = {The Emergence of Fixed Prosody},
	Year = {2000}}

@phdthesis{teng07,
	Author = {Teng, Stacy Fang-Ching},
	Institution = {Australian National University},
	School = {Australian National University},
	Title = {A Reference Grammar of {Puyuma}, an {Austronesian} language of {Taiwan}},
	Year = {2007}}

@phdthesis{shlonsky87,
	Address = {Cambridge, MA},
	Author = {Ur Shlonsky},
	School = {Massachusetts Institute of Technology},
	Title = {Null and displaced pronouns},
	Year = {1987}}

@phdthesis{rood17phd,
	Address = {Washington, DC},
	Author = {Rood, Morgan},
	School = {Georgetown University},
	Title = {The Morphosyntax of Pronominal Possessors and Diminutives in {Mehri}},
	Year = {2017}}

@phdthesis{rimell12,
	Address = {New York, NY},
	Author = {Laura Rimell},
	Date-Modified = {2020-05-25 15:53:10 +0100},
	School = {New York University},
	Title = {Nominal Roots as Event Predicates in {English} Denominal Conversion Verbs},
	Year = {2012}}

@phdthesis{quinn06phd,
	Address = {Cambridge, MA},
	Author = {Conor Quinn},
	School = {Harvard University},
	Title = {Referential-Access Dependency in {Penobscot}},
	Year = {2006}}

@phdthesis{nishiyama98,
	Author = {Nishiyama, Kunio},
	School = {Cornell University},
	Title = {The Morphosyntax and Morphophonology of {Japanese} Predicates},
	Year = {1998}}

@phdthesis{laks11,
	Address = {Tel Aviv},
	Author = {Laks, Lior},
	Date-Modified = {2020-05-25 15:35:58 +0100},
	School = {Tel Aviv University},
	Title = {Morpho-phonological and Morpho-thematic Relations in {Hebrew} and {Arabic} Verb Formation},
	Year = {2011}}

@phdthesis{kastner16phd,
	Address = {New York, NY},
	Author = {Itamar Kastner},
	Note = {lingbuzz/003028},
	School = {New York University},
	Title = {Form and Meaning in the {Hebrew} Verb},
	Year = {2016}}

@phdthesis{jjmcc79,
	Author = {John J. McCarthy},
	School = {Massachusetts Institute of Technology},
	Title = {Formal Problems in {Semitic} Phonology and Morphology},
	Year = {1979}}

@phdthesis{hirsch18phd,
	Address = {Berlin},
	Author = {Nils Hirsch},
	Date-Modified = {2020-05-25 15:29:52 +0100},
	Doi = {10.18452/19574},
	School = {Humboldt-Universität zu Berlin},
	Title = {German psych-verbs: {Insights} from a decompositional perspective},
	Year = {2018},
	Bdsk-Url-1 = {https://doi.org/10.18452/19574}}

@phdthesis{henderson12phd,
	Address = {Santa Cruz, CA},
	Author = {Henderson, Robert},
	School = {University of California, Santa Cruz},
	Title = {Ways of pluralizing events},
	Year = {2012}}

@phdthesis{gehrke08phd,
	Address = {Utrecht},
	Author = {Gehrke, Berit},
	Date-Modified = {2020-05-25 15:23:02 +0100},
	School = {Utrecht University},
	Title = {Ps in motion: {On} the semantics and syntax of {P} elements and motion verbs},
	Year = {2008}}

@phdthesis{gafter14phd,
	Address = {Stanford, CA},
	Author = {Roey Gafter},
	Date-Modified = {2020-05-25 15:22:43 +0100},
	School = {Stanford University},
	Title = {{``}{The} most beautiful and correct {Hebrew}'': {Authenticity}, ethnic identity and linguistic variation in the greater {Tel} {Aviv} area},
	Year = {2014}}

@phdthesis{bonet91,
	Address = {Cambridge, MA},
	Author = {Eulalia Bonet},
	Date-Modified = {2020-05-25 15:10:58 +0100},
	School = {Massachusetts Institute of Technology},
	Title = {Morphology after syntax: {Pronominal} clitics in {Romance}},
	Year = {1991}}

@phdthesis{batel89,
	Address = {Los Angeles, CA},
	Author = {Bat-El, Outi},
	Date-Modified = {2020-05-25 15:02:05 +0100},
	School = {UCLA},
	Title = {Phonology and Word Structure},
	Year = {1989}}

@phdthesis{baier18phd,
	Address = {Berkeley, CA},
	Author = {Nicholas Baier},
	Date-Modified = {2020-05-25 14:57:13 +0100},
	Institution = {University of California, Berkeley},
	School = {University of California, Berkeley},
	Title = {Anti-Agreement},
	Year = {2018}}

@phdthesis{ahn15phd,
	Address = {Los Angeles, CA},
	Author = {Byron Ahn},
	Date-Modified = {2020-05-25 14:30:44 +0100},
	School = {University of California, Los Angeles},
	Title = {Giving Reflexivity a Voice: {Twin} Reflexives in {English}},
	Year = {2015}}

@phdthesis{ahdout19phd,
	Address = {Berlin},
	Author = {Odelia Ahdout},
	Date-Modified = {2020-05-23 16:43:29 +0100},
	Institution = {Humboldt-Universität zu Berlin},
	School = {Humboldt-Universität zu Berlin},
	Title = {Nominalizations in {Hebrew} and Beyond},
	Year = {in prep}}

@phdthesis{adam02,
	Address = {Tel Aviv},
	Author = {Adam, Galit},
	Date-Modified = {2020-05-25 14:29:27 +0100},
	School = {Tel Aviv University},
	Title = {From variable to optimal grammar: {Evidence} from language acquisition and language change},
	Year = {2002}}

@mastersthesis{trachtman16,
	Address = {Haifa},
	Author = {Einat Trachtman},
	Date-Modified = {2020-05-25 15:58:03 +0100},
	School = {University of Haifa},
	Title = {\emph{ha-gorem le-alternatsiot be-hafakat ha-tnu'a be-he ha-binjan be-tsurut he-'avar Sel binjan hif'il} [The source of alternations in the production of the vowel on -h- in the past tense of {hiXYiZ}]},
	Year = {2016}}

@mastersthesis{oltramassuet99,
	Address = {Cambridge, MA},
	Author = {Oltra Massuet, Isabel},
	Date-Modified = {2020-05-25 15:50:03 +0100},
	School = {Massachusetts Institute of Technology},
	Title = {On the Notion of Theme Vowel: {A} New Approach to {Catalan} Verbal Morphology},
	Year = {1999}}

@mastersthesis{lev16,
	Address = {Tel Aviv},
	Author = {Shaul Lev},
	Date-Modified = {2020-05-25 15:36:02 +0100},
	School = {Tel Aviv University},
	Title = {Hebrew Labile Alternation},
	Year = {2016}}

@mastersthesis{ehrenfeld12,
	Address = {Jerusalem},
	Author = {Lior Ehrenfeld},
	School = {Hebrew University of Jerusalem},
	Title = {The Morphology of the {Hebrew} Causative Alternation},
	Year = {2012}}

@mastersthesis{chomsky51,
	Address = {Philadelphia, PA},
	Author = {Chomsky, Noam},
	School = {University of Pennsylvania},
	Title = {Morphophonemics of {Modern} {Hebrew}},
	Year = {1951}}

@inproceedings{wood19lsa,
	Address = {New York, NY},
	Author = {Jim Wood},
	Booktitle = {Annual meeting of the {Linguistic Society of America} ({LSA} 93)},
	Title = {High attachment for arguments of nominalizations},
	Year = {2019}}

@inproceedings{tucker15roots,
	Author = {Tucker, Matthew A.},
	Booktitle = {Roots {IV}, {New} {York} {University}},
	Date-Modified = {2020-05-25 15:58:10 +0100},
	Title = {Your roots are showing: {On} root-sensitive allomorphy in {Arabic}},
	Year = {2015}}

@inproceedings{spathas17debrecen,
	Author = {Spathas, Giorgos},
	Booktitle = {Debrecen Workshop on Pronouns},
	Title = {On the semantic non-uniformity of reflexive anaphors},
	Year = {2017}}

@inproceedings{spathas17camvoice,
	Author = {Giorgos Spathas},
	Booktitle = {Cambridge Workshop on Voice},
	Title = {No designated {Voice} for {English} reflexive anaphors},
	Year = {2017}}

@inproceedings{ko09afla,
	Author = {Seongyeon Ko},
	Booktitle = {Proceedings of {AFLA} 16},
	Pages = {93--107},
	Title = {Two Types of Anticausatives in {Acehnese}},
	Year = {2009}}

@inproceedings{hayetal99,
	Author = {Hay, Jennifer and Christopher Kennedy and Beth Levin},
	Booktitle = {Proceedings of {Semantics} And {Linguistic} {Theory} ({SALT} {IX})},
	Date-Modified = {2020-05-25 15:28:58 +0100},
	Editor = {Tanya Mathews and Devon Strolovitch},
	Pages = {127--144},
	Publisher = {CLC Publications},
	Title = {Scalar structure underlies telicity in ``degree acheivements''},
	Year = {1999}}

@inproceedings{chenfukuda17,
	Author = {Chen, Victoria and Shin Fukuda},
	Booktitle = {Proceedings of {AFLA} 23},
	Date-Modified = {2020-05-25 15:13:23 +0100},
	Pages = {50--64},
	Title = {Re-labeling `ergative': {Evidence} from {Formosan}},
	Year = {2017}}

@inproceedings{ahdout19glow,
	Author = {Odelia Ahdout},
	Booktitle = {{GLOW} 42},
	Date-Modified = {2020-05-25 14:29:50 +0100},
	Title = {No Results with Middles: {On} Non-Eventive Readings in {Hebrew} Nominalizations},
	Year = {2019}}

@incollection{zukoff16nels,
	Address = {Amherst, MA},
	Author = {Sam Zukoff},
	Booktitle = {Proceedings of the Forty-Seventh Annual Meeting of the {North} {East} {Linguistic} {Society} ({NELS} 47)},
	Date-Modified = {2020-05-25 16:00:14 +0100},
	Editor = {Andrew Lamont and Katerina Tetzloff},
	Pages = {295--314},
	Publisher = {GLSA},
	Title = {{Arabic} Nonconcatenative Morphology and the Syntax-Phonology Interface},
	Year = {2017}}

@incollection{xuetal07,
	Address = {Oxford},
	Author = {Zheng Xu and Mark Aronoff and Frank Anshen},
	Booktitle = {Deponency and Morphological Mismatches},
	Doi = {10.5871/bacad/9780197264102.001.0001},
	Editor = {Matthew Baerman and Greville G. Corbett and Dunstan Brown and Andrew Hippisley},
	Pages = {127--143},
	Publisher = {Oxford University Press},
	Title = {Deponency in {Latin}},
	Year = {2007},
	Bdsk-Url-1 = {https://doi.org/10.5871/bacad/9780197264102.001.0001}}

@incollection{wurmbrandshimamura17,
	Address = {Oxford},
	Author = {Susi Wurmbrand and Koji Shimamura},
	Booktitle = {The Verbal Domain},
	Date-Modified = {2020-05-25 15:59:39 +0100},
	Doi = {10.1093/oso/9780198767886.003.0008},
	Editor = {D'Alessandro, Roberta and Franco, Irene and Gallego, Ángel J.},
	Pages = {179-204},
	Publisher = {Oxford University Press},
	Title = {The features of the voice domain: {Actives}, passives, and restructuring},
	Year = {2017},
	Bdsk-Url-1 = {https://doi.org/10.1093/oso/9780198767886.003.0008}}

@incollection{woodmarantz17,
	Address = {Oxford},
	Author = {Jim Wood and Alec Marantz},
	Booktitle = {The Verbal Domain},
	Editor = {Roberta D'Alessandro and Irene Franco and Ángel Gallego},
	Pages = {255--278},
	Publisher = {Oxford University Press},
	Title = {The interpretation of external arguments},
	Year = {2017}}

@incollection{winchester17nels,
	Address = {Amherst, MA},
	Author = {Lindley Winchester},
	Booktitle = {Proceedings of the 47th Annual Meeting of the {North} {East} {Linguistic} {Society} ({NELS} 47)},
	Date-Modified = {2020-05-25 15:59:05 +0100},
	Editor = {Lamont, Andrew and Tetzloff, Katerina},
	Pages = {247--260},
	Publisher = {GLSA},
	Title = {Morphosyntactic Features and Contextual Allomorphy: {Evidence} from {Modern} {Standard} {Arabic}},
	Volume = {3},
	Year = {2017}}

@incollection{wasow77,
	Address = {New York, NY},
	Author = {Wasow, Thomas},
	Booktitle = {Formal Syntax},
	Editor = {Peter Culicover and Wasow, Thomas and Akmajian, Adrian},
	Pages = {327--360},
	Publisher = {Academic Press},
	Title = {Transformations and the Lexicon},
	Year = {1977}}

@incollection{vanriemsdijk90,
	Address = {Dordrecht},
	Author = {van Riemsdijk, Henk},
	Booktitle = {Unity in diversity: {Papers} presented to {Simon} {C}.~{Dik} on his 50th birthday},
	Date-Modified = {2020-05-25 15:58:27 +0100},
	Editor = {Pinkster, Harm and Inge Genee},
	Pages = {229--242},
	Publisher = {Foris},
	Title = {Functional prepositions},
	Year = {1990}}

@incollection{temkinmartinzemuellner16,
	Author = {Temkin Martínez, Michal and Ivana Müllner},
	Booktitle = {Supplemental proceedings of the Annual Meeting on Phonology ({AMP}) 2015},
	Date-Modified = {2020-05-25 16:06:36 +0100},
	Sortname = {Temkin Martinez, Michal and Ivana Mullner},
	Title = {Specific Exceptions Driving Variation: {The} Role of Orthography in {Modern} {Hebrew} spirantization},
	Year = {2016}}

@incollection{temkinmartinez08wccfl,
	Address = {Somerville, MA},
	Author = {Temkin Martínez, Michal},
	Booktitle = {Proceedings of {WCCFL} 26},
	Editor = {Chang, Charles B. and Haynie, Hannah J.},
	Pages = {463--470},
	Publisher = {Cascadilla Press},
	Sortname = {Temkin Martinez, Michal},
	Title = {Exceptions encoded at the segmental level},
	Year = {2008}}

@incollection{talmy78,
	Address = {Stanford, CA},
	Author = {Talmy, Leonard},
	Booktitle = {Universals in Human Language},
	Editor = {Joseph Greenberg},
	Pages = {625--49},
	Publisher = {Stanford University Press},
	Title = {Figure and ground in complex sentences},
	Year = {1978}}

@incollection{svenonius10,
	Address = {Oxford},
	Author = {Svenonius, Peter.},
	Booktitle = {Mapping spatial {PP}s: {The} {Cartography} of syntactic structures},
	Date-Modified = {2020-05-25 15:57:25 +0100},
	Editor = {Cinque, Guglielmo and Luigi Rizzi},
	Pages = {127--160},
	Publisher = {Oxford University Press},
	Title = {Spatial {P} in {English}},
	Volume = {6},
	Year = {2010}}

@incollection{svenonius07,
	Address = {Amsterdam/Philadelphia},
	Author = {Svenonius, Peter},
	Booktitle = {Argument Structure},
	Editor = {Eric Reuland and Tanmoy Bhattacharya and Giorgos Spathas},
	Pages = {63--103},
	Publisher = {John Benjamins},
	Title = {Adpositions, particles and the arguments they introduce},
	Year = {2007}}

@incollection{sundaresanmcfadden17,
	Address = {Oxford},
	Author = {Sandhya Sundaresan and Thomas McFadden},
	Booktitle = {The Verbal Domain},
	Date-Modified = {2020-05-25 15:57:05 +0100},
	Editor = {Roberta D'Alessandro and Irene Franco and Ángel Gallego},
	Pages = {153--178},
	Publisher = {Oxford University Press},
	Title = {The articulated v layer: {Evidence} from {Tamil}},
	Year = {2017}}

@incollection{silonipreminger09,
	Address = {Oxford},
	Author = {Tal Siloni and Omer Preminger},
	Booktitle = {Quantification, Definiteness and Nominalization},
	Editor = {Anastasia Giannakidou and Monika Rathert},
	Pages = {365--385},
	Publisher = {Oxford University Press},
	Title = {Nominal Voices},
	Year = {2009}}

@incollection{siloni08,
	Address = {Jerusalem},
	Author = {Tal Siloni},
	Booktitle = {\emph{balshanut ivrit teoretit} [{Theoretical} {Hebrew} Linguistics]},
	Date-Modified = {2020-05-25 15:56:15 +0100},
	Editor = {Galia Hatav},
	Pages = {111--138},
	Publisher = {Magnes Hebrew University Press},
	Title = {\emph{al binyan hitpa'el} [{On} the Hitpa'el Template]},
	Year = {2008}}

@incollection{sichel10n,
	Address = {Berlin},
	Author = {Ivy Sichel},
	Booktitle = {The Syntax of Nominalizations across Languages and Frameworks},
	Editor = {Artemis Alexiadou and Monika Rathert},
	Pages = {151--190},
	Publisher = {Mouton de Gruyter},
	Title = {Event Structure Constraints in Nominalization},
	Year = {2010}}

@incollection{shlonskydoron91,
	Address = {Stanford, CA},
	Author = {Ur Shlonsky and Edit Doron},
	Booktitle = {Proceedings of the Tenth {West} {Coast} Conference on Formal Linguistics ({WCCFL} 10)},
	Date-Modified = {2020-05-25 15:55:43 +0100},
	Editor = {Dawn Bates},
	Pages = {431--445},
	Publisher = {CSLI},
	Title = {Verb Second in {Hebrew}},
	Year = {1991}}

@incollection{schwarzwald16,
	Address = {Newcastle upon Tyne},
	Author = {Schwarzwald, Ora (Rodrigue)},
	Booktitle = {Word-Formation across Languages},
	Editor = {Lívia Körtvélyessy and Pavol Štekauer and Salvador Valera},
	Pages = {311--336},
	Publisher = {Cambridge Scholars Publishing},
	Sortname = {Schwarzwald, Ora (Rodrigue)},
	Title = {Innovative Elements in Newly Formed {Hebrew} Four-Consonantal Verbal Roots},
	Year = {2016}}

@incollection{schwarzwald08,
	Address = {Amsterdam/Philadelphia},
	Author = {Schwarzwald, Ora (Rodrigue)},
	Booktitle = {Current Issues in {Generative} {Hebrew} Linguistics},
	Editor = {Armon-Lotem, Sharon and Gabi Danon and Susan Rothstein},
	Pages = {61--75},
	Publisher = {John Benjamins},
	Sortname = {Schwarzwald, Ora (Rodrigue)},
	Title = {The Special Status of {Nif'al} in {Hebrew}},
	Year = {2008}}

@incollection{schaefer17oup,
	Address = {Oxford},
	Author = {Florian Schäfer},
	Booktitle = {The Verbal Domain},
	Editor = {Roberta D'Alessandro and Irene Franco and Ángel Gallego},
	Pages = {129--152},
	Publisher = {Oxford University Press},
	Sortname = {Florian Schafer},
	Title = {{Romance} and {Greek} Medio-Passives and the Typology of {Voice}},
	Year = {2017}}

@incollection{rooryck96,
	Address = {Dordrecht},
	Author = {Rooryck, Johan},
	Booktitle = {Studies in Comparative {Germanic} Syntax},
	Editor = {Höskuldur Thráinsson and Samuel Epstein and Steve Peter},
	Pages = {226--256},
	Publisher = {Kluwer},
	Title = {Prepositions and minimalist case marking},
	Volume = {2},
	Year = {1996}}

@incollection{ravidetaltilar,
	Address = {Amsterdam/Philadelphia},
	Author = {Dorit Ravid and Orit Ashkenazi and Ronit Levie and Ben Zadok, Galit and Tehila Grunwald and Ron Bratslavsky and Steven Gillis},
	Booktitle = {Acquisition and Development of {Hebrew}: {From} Infancy to Adolescence},
	Date-Modified = {2020-05-25 15:52:40 +0100},
	Editor = {Ruth Berman},
	Number = {19},
	Pages = {95--134},
	Publisher = {John Benjamins},
	Series = {Trends In Language Acquisition Research ({TILAR})},
	Title = {Foundations of the Early Root Category: {Analyses} of Linguistic Input to {Hebrew}-Speaking Children},
	Year = {2016}}

@incollection{ratcliffe97,
	Address = {Amsterdam/Philadelphia},
	Author = {Ratcliffe, Robert},
	Booktitle = {Perspectives on {Arabic} Linguistics},
	Editor = {Mushira Eid and Robert Ratcliffe},
	Pages = {157--171},
	Publisher = {John Benjamins},
	Title = {Prosodic templates in a word-based morphological analysis of {Arabic}},
	Volume = {10},
	Year = {1997}}

@incollection{rappaporthovav14,
	Address = {Oxford},
	Author = {Rappaport Hovav, Malka},
	Booktitle = {The Syntax of Roots and the Roots of Syntax},
	Editor = {Artemis Alexiadou and Hagit Borer and Florian Schäfer},
	Pages = {259--281},
	Publisher = {Oxford University Press},
	Title = {Building scalar changes},
	Year = {2014}}

@incollection{preminger10,
	Address = {Amsterdam/Philadelphia},
	Author = {Preminger, Omer},
	Booktitle = {Linguistic Variation Yearbook 9},
	Editor = {Jeroen van Craenenbroeck and Johan Rooryck},
	Pages = {241--278},
	Publisher = {John Benjamins},
	Title = {Failure to Agree is Not a Failure: $\phi$-Agreement with Post-Verbal Subjects in {Hebrew}},
	Year = {2010}}

@incollection{paster05,
	Address = {Dordrecht},
	Author = {Paster, Mary},
	Booktitle = {Yearbook of Morphology 2005},
	Editor = {Booij, Geert and van Marle, Jaap},
	Pages = {155--200},
	Publisher = {Springer},
	Title = {Pulaar verbal extensions and phonologically driven affix order},
	Year = {2005}}

@incollection{noyer98,
	Address = {Stanford},
	Author = {Rolf Noyer},
	Booktitle = {Morphology and its relation to phonology and syntax},
	Editor = {Steve Lapointe and Diane Brentari and Patrick Farrell},
	Pages = {264--285},
	Publisher = {CSLI},
	Title = {Impoverishment theory and morphosyntactic markedness},
	Year = {1998}}

@inproceedings{nevins15roots,
	Author = {Andrew Nevins},
	Booktitle = {Roots {IV}, {New} {York} {University}},
	Date-Modified = {2020-05-25 15:49:12 +0100},
	Title = {The Exponent List and the Encyclopedic List: {Structurally} Parallel, Mutually Mute},
	Year = {2015}}

@incollection{mylermarantz19cup,
	Address = {Cambridge},
	Author = {Neil Myler and Alec Marantz},
	Booktitle = {The {Cambridge} Handbook of {Distributed} {Morphology}},
	Date-Modified = {2020-05-25 16:06:32 +0100},
	Editor = {Artemis Alexiadou and Ruth Kramer and Alec Marantz and Isabel Oltra Massuet},
	Publisher = {Cambridge University Press},
	Title = {Allosemy},
	Year = {submitted}}

@incollection{myler17oup,
	Address = {Oxford},
	Author = {Neil Myler},
	Booktitle = {The Structure of Words at the Interfaces},
	Editor = {Heather Newell and Máire Noonan and Glyne Piggott and Travis, Lisa deMena},
	Pages = {100--125},
	Publisher = {Oxford University Press},
	Title = {Exceptions to the `{Mirror} {Principle}' and Morphophonological `Action at a distance'},
	Year = {2017}}

@incollection{muysken88,
	Address = {Dordrecht},
	Author = {Muysken, Pieter},
	Booktitle = {Morphology and Modularity},
	Editor = {Martin Everaert and Mieke Trommelen},
	Pages = {259--279},
	Publisher = {Foris},
	Title = {Affix order and interpretation: {Quechua}},
	Year = {1988}}

@incollection{moulton14,
	Address = {Amsterdam/Philadelphia},
	Author = {Keir Moulton},
	Booktitle = {Cross-linguistic Investigations of Nominalization Patterns},
	Date-Modified = {2020-05-25 15:42:00 +0100},
	Editor = {Paul, Ileana},
	Pages = {119--144},
	Publisher = {John Benjamins},
	Series = {Linguistik Aktuell/Linguistics Today},
	Title = {Simple event nominalizations: {Roots} and their interpretation},
	Volume = {210},
	Year = {2014}}

@incollection{moorecantwell13,
	Address = {Amherst, MA},
	Author = {Moore-Cantwell, Claire},
	Booktitle = {Proceedings of the 42nd meeting of the {North} {East} {Linguistic} {Society} ({NELS})},
	Date-Modified = {2020-05-25 15:41:17 +0100},
	Editor = {Stefan Keine and Shayne Sloggett},
	Pages = {41--54},
	Publisher = {GLSA},
	Title = {Over- and Under-generalization in learning derivational morphology},
	Year = {2013}}

@incollection{mcomber95,
	Address = {Amsterdam/Philadelphia},
	Author = {McOmber, Michael},
	Booktitle = {Perspectives on {Arabic} Linguistics},
	Editor = {Mushira Eid},
	Pages = {173--188},
	Publisher = {John Benjamins},
	Title = {Morpheme edges and {Arabic} infixation},
	Volume = {7},
	Year = {1995}}

@incollection{mcnally17,
	Address = {Amsterdam/Philadelphia},
	Author = {Louise McNally},
	Booktitle = {Linguistik Aktuell/{Linguistics} Today},
	Date-Modified = {2020-05-25 15:38:53 +0100},
	Doi = {10.1075/la.239.09mcn},
	Editor = {Olga Fernández-Soriano and Elena Castroviejo Miró and Isabel Pérez-Jiménez},
	Pages = {174--192},
	Publisher = {John Benjamins},
	Title = {On the scalar properties and telicity of degree achievements},
	Year = {2017},
	Bdsk-Url-1 = {https://doi.org/10.1075/la.239.09mcn}}

@incollection{mcintyre13,
	Address = {Amsterdam/Philadelphia},
	Author = {Andrew McIntyre},
	Booktitle = {Non-canonical Passives},
	Editor = {Artemis Alexiadou and Florian Schäfer},
	Pages = {21--42},
	Publisher = {John Benjamins},
	Title = {Adjectival passives and adjectival participles in {English}},
	Year = {2013}}

@incollection{marantz97,
	Address = {Philadelphia, PA},
	Author = {Alec Marantz},
	Booktitle = {University of {Pennsylvania} Working Papers in Linguistics: {Proceedings} of {PLC} 21},
	Date-Modified = {2020-05-25 15:37:58 +0100},
	Editor = {Alexis Dimitriadis and Laura Siegel and Clarissa Surek-Clark and Alexander Williams},
	Number = {2},
	Pages = {201--225},
	Publisher = {University of Pennsylvania},
	Title = {No Escape from Syntax: {Don't} Try Morphological Analysis in the Privacy of Your Own Lexicon},
	Volumes = {4},
	Year = {1997}}

@incollection{marantz91,
	Address = {Columbus, OH},
	Author = {Alec Marantz},
	Booktitle = {Proceesings of {ESCOL}},
	Editor = {German Westphal and Benjamin Ao and Hee-Rahk Chae},
	Pages = {234--253},
	Publisher = {Ohio State University, Cornell Linguistics Club},
	Title = {Case and Licensing},
	Year = {1991}}

@incollection{marantz13,
	Address = {Cambridge, MA},
	Author = {Alec Marantz},
	Booktitle = {Distributed {Morphology} Today: {Morphemes} for {Morris} {Halle}},
	Date-Modified = {2020-05-25 15:38:26 +0100},
	Editor = {Marantz, Alec and Matushansky, Ora},
	Pages = {95--115},
	Publisher = {MIT Press},
	Title = {Locality Domains for Contextual Allomorphy Across the Interfaces},
	Year = {2013}}

@inproceedings{marantz01,
	Address = {Los Angeles, CA},
	Author = {Marantz, Alec},
	Booktitle = {The 20th {West} {Coast} Conference on Formal Linguistics ({WCCFL} 20)},
	Date-Modified = {2020-05-25 15:38:14 +0100},
	Title = {Words},
	Year = {2001}}

@incollection{kratzer96,
	Address = {Dordrecht},
	Author = {Angelika Kratzer},
	Booktitle = {Phrase Structure and the Lexicon},
	Editor = {Johan Rooryck and Laurie Zaring},
	Pages = {109--137},
	Publisher = {Kluwer},
	Title = {Severing the External Argument from its Verb},
	Year = {1996}}

@incollection{kratzer05,
	Address = {Berlin},
	Author = {Kratzer, Angelika},
	Booktitle = {Event Arguments: {Foundations} and Applications},
	Date-Modified = {2020-05-25 15:34:26 +0100},
	Editor = {Claudia Maienborn and Angelika Wöllstein},
	Pages = {177--212},
	Publisher = {de Gruyter},
	Title = {Building Resultatives},
	Year = {2005}}

@incollection{kratzer00bls,
	Address = {Berkeley, CA},
	Author = {Kratzer, Angelika},
	Booktitle = {Proceedings of the Twenty-sixth Annual Meeting of the {Berkeley} {Linguistics} {Society}},
	Editor = {Conathan, Lisa J. and Jeff Good and Darya Kavitskaya and Wulf, Alyssa B. and Yu, Alan C. L.},
	Pages = {385--399},
	Publisher = {University of California, Berkeley Linguistics Society},
	Title = {Building statives},
	Year = {2000}}

@incollection{kennedylevin08,
	Address = {Oxford},
	Author = {Kennedy, Christopher and Beth Levin},
	Booktitle = {Adjectives and adverbs: {Syntax}, semantics and discourse},
	Date-Modified = {2020-05-25 15:33:43 +0100},
	Editor = {Louise McNally and Christopher Kennedy},
	Pages = {156--182},
	Publisher = {Oxford University Press},
	Title = {Measure of change: {The} adjectival core of degree achievements},
	Year = {2008}}

@incollection{kastnertucker19cup,
	Address = {Cambridge},
	Author = {Itamar Kastner and Tucker, Matthew A.},
	Booktitle = {The {Cambridge} Handbook of {Distributed} {Morphology}},
	Date-Modified = {2020-05-25 16:06:23 +0100},
	Editor = {Artemis Alexiadou and Ruth Kramer and Alec Marantz and Isabel Oltra Massuet},
	Publisher = {Cambridge University Press},
	Title = {Non-concatenative Morphology},
	Year = {submitted}}

@incollection{kallulli13,
	Address = {Amsterdam/Philadelphia},
	Author = {Kallulli, Dalina},
	Booktitle = {Non-Canonical Passives},
	Date-Modified = {2020-05-25 15:32:11 +0100},
	Editor = {Artemis Alexiadou and Florian Schäfer},
	Pages = {337--358},
	Publisher = {John Benjamins},
	Series = {Linguistik Aktuell/Linguistics Today},
	Title = {({Non}-)canonical passives and reflexives: {Deponents} and their like},
	Volume = {205},
	Year = {2013}}

@incollection{junker87,
	Address = {Dordrecht},
	Author = {Junker, Marie-Odile},
	Booktitle = {Advances in {Romance} linguistics},
	Editor = {David Birdsong and Jean-Pierre Montreuil},
	Pages = {189--199},
	Publisher = {Foris},
	Title = {Transitive, intransitive, and reflexive uses of deadjectival verbs in {French}},
	Year = {1987}}

@incollection{jjmccprince90,
	Address = {Amsterdam/Philadelphia},
	Author = {John J. McCarthy and Alan S. Prince},
	Booktitle = {Perspectives on {Arabic} Linguistics},
	Date-Modified = {2020-05-25 15:38:38 +0100},
	Editor = {Mushira Eid and John J. McCarthy},
	Pages = {1--54},
	Publisher = {John Benjamins},
	Title = {Prosodic Morphology and Templatic Morphology},
	Volume = {2},
	Year = {1990}}

@incollection{horvathsiloni08,
	Address = {Amsterdam and Philadelphia},
	Author = {Julia Horvath and Tal Siloni},
	Booktitle = {Current Issues in {Generative} {Hebrew} Linguistics},
	Date-Modified = {2020-05-25 15:30:25 +0100},
	Editor = {Armon-Lotem, Sharon and Gabi Danon and Susan Rothstein},
	Pages = {105--134},
	Publisher = {John Benjamins},
	Title = {Active Lexicon: {Adjectival} and verbal passives},
	Year = {2008}}

@inproceedings{hellerbendavid15,
	Author = {Daphna Heller and Ben David, Boaz},
	Booktitle = {{IATL} 31},
	Date-Modified = {2020-05-25 15:29:26 +0100},
	Title = {Morphological activation during spoken word recognition: {Beyond} sound and meaning?},
	Year = {2015}}

@incollection{haspelmath93,
	Address = {Amsterdam/Philadelphia},
	Author = {Haspelmath, Martin},
	Booktitle = {Causatives and transitivity},
	Editor = {Bernard Comrie and Maria Polinsky},
	Pages = {87--120},
	Publisher = {John Benjamins},
	Title = {More on the typology of inchoative/causative verb alternations},
	Year = {1993}}

@incollection{harleystone13,
	Address = {Oxford},
	Author = {Harley, Heidi and Stone, Megan S.},
	Booktitle = {Syntax and its Limits},
	Date-Modified = {2020-05-25 15:27:36 +0100},
	Editor = {Raffaella Folli and Christina Sevdali and Robert Truswell},
	Pages = {283--311},
	Publisher = {Oxford University Press},
	Title = {The `{No} Agent Idioms' hypothesis},
	Year = {2013}}

@incollection{harleynoyer00,
	Address = {Amsterdam/Philadelphia},
	Author = {Heidi Harley and Rolf Noyer},
	Booktitle = {The Lexicon/Encyclopaedia Interface},
	Date-Modified = {2020-05-25 15:26:49 +0100},
	Editor = {Bert Peeters},
	Pages = {349--374,},
	Publisher = {Elsevier Press},
	Title = {Formal versus Encyclopedic Properties of Vocabulary: {Evidence} from Nominalisations},
	Year = {2000}}

@incollection{harley17oup,
	Address = {Oxford},
	Author = {Heidi Harley},
	Booktitle = {The Verbal Domain},
	Editor = {Roberta D'Alessandro and Irene Franco and Ángel Gallego},
	Pages = {3--28},
	Publisher = {Oxford University Press},
	Title = {The ``bundling'' hypothesis and the disparate functions of little v},
	Year = {2017}}

@inproceedings{harley15roots,
	Author = {Heidi Harley},
	Booktitle = {Roots {IV}, {New} {York} {University}},
	Title = {Hiaki verbal number suppletion really is suppletion},
	Year = {2015}}

@incollection{harley13oup,
	Address = {Oxford},
	Author = {Heidi Harley},
	Booktitle = {Diagnosing Syntax},
	Date-Modified = {2020-05-25 15:26:22 +0100},
	Editor = {Cheng, Lisa Lai-Shen and Corver, Norbert},
	Pages = {44--74},
	Publisher = {Oxford University Press},
	Title = {Getting Morphemes in Order: {Affixation} and head movement},
	Year = {2013}}

@incollection{harley09n,
	Address = {Oxford},
	Author = {Heidi Harley},
	Booktitle = {Quantification, Definiteness and Nominalization},
	Editor = {Monika Rathert and Anastasia Giannakidou},
	Pages = {320--342},
	Publisher = {Oxford University Press},
	Title = {The morphology of nominalizations and the syntax of v{P}},
	Year = {2009}}

@incollection{harley08,
	Address = {Oxford},
	Author = {Heidi Harley},
	Booktitle = {The {Oxford} Handbook of {Japanese} Linguistics},
	Editor = {Shigeru Miyagawa and Mamoru Saito},
	Pages = {20--53},
	Publisher = {Oxford University Press},
	Title = {On the causative construction},
	Year = {2008}}

@incollection{grimshaw00,
	Address = {Amsterdam/Philadelphia},
	Author = {Jane Grimshaw},
	Booktitle = {Lexical Specification and Insertion},
	Editor = {Peter Coopmans and Martin Everaert and Jane Grimshaw},
	Pages = {115--133},
	Publisher = {John Benjamins},
	Title = {Locality and extended projection},
	Year = {2000}}

@incollection{embick04,
	Address = {Oxford},
	Author = {David Embick},
	Booktitle = {The Unaccusativity Puzzle: {Explorations} of the Syntax-Lexicon Interface},
	Date-Modified = {2020-05-25 15:20:29 +0100},
	Editor = {Artemis Alexiadou and Elena Anagnostopoulou and Martin Everaert},
	Pages = {137--158},
	Publisher = {Oxford University Press},
	Title = {Unaccusative syntax and verbal alternations},
	Year = {2004}}

@incollection{elenasamioti14,
	Address = {Oxford},
	Author = {Elena Anagnostopoulou and Yota Samioti},
	Booktitle = {The Syntax of Roots and the Roots of Syntax},
	Date-Modified = {2020-05-25 14:55:58 +0100},
	Editor = {Artemis Alexiadou and Hagit Borer and Florian Schäfer},
	Pages = {81--111},
	Publisher = {Oxford University Press},
	Title = {Domains within words and their meanings: {A} case study},
	Year = {2014}}

@incollection{elenasamioti13,
	Address = {Oxford},
	Author = {Anagnostopoulou, Elena and Yota Samioti},
	Booktitle = {On Linguistic Interfaces},
	Date-Modified = {2020-05-25 14:56:03 +0100},
	Edition = {2},
	Editor = {Raffaella Folli and Christina Sevdali and Robert Truswell},
	Pages = {218--250},
	Publisher = {Oxford University Press},
	Title = {Allosemy, idioms and their domains: {Evidence} from adjectival participles},
	Year = {2013}}

@incollection{doronkhan16,
	Author = {Edit Doron and Geoffrey Khan},
	Booktitle = {Proceedings of the 10th {Mediterranean} Morphology Meeting ({MMM} 10)},
	Date-Modified = {2020-05-25 15:19:30 +0100},
	Editor = {Jenny Audring and Francesca Masini and Wendy Sandler},
	Pages = {45--54},
	Title = {The morphosyntax of definiteness agreement in {Neo}-{Aramaic} and {Central} {Semitic}},
	Year = {2016}}

@incollection{doron14adj,
	Address = {Oxford},
	Author = {Edit Doron},
	Booktitle = {The Syntax of Roots and the Roots of Syntax},
	Editor = {Artemis Alexiadou and Hagit Borer and Florian Schäfer},
	Pages = {164--191},
	Publisher = {Oxford University Press},
	Title = {The interaction of adjectival passive and voice},
	Year = {2014}}

@incollection{doron13voice,
	Address = {Berlin},
	Author = {Edit Doron},
	Booktitle = {Syntax -- Theory and Analysis},
	Editor = {Artemis Alexiadou and Tibor Kiss},
	Pages = {749--776},
	Publisher = {Walter de Gruyter},
	Title = {Voice and Valence Change},
	Volume = {1},
	Year = {2015}}

@incollection{doron13ehll,
	Address = {Leiden},
	Author = {Doron, Edit},
	Booktitle = {Encyclopedia of {Hebrew} Language and Linguistics},
	Date-Modified = {2020-05-25 16:06:11 +0100},
	Editor = {Geoffrey Khan},
	Publisher = {Brill},
	Title = {Participle: {Modern} {Hebrew}},
	Year = {2013}}

@incollection{dm,
	Address = {Cambridge, MA},
	Author = {Morris Halle and Alec Marantz},
	Booktitle = {The View from Building 20: {Essays} in Linguistics in Honor of {Sylvain} {Bromberger}},
	Date-Modified = {2020-05-25 15:25:59 +0100},
	Editor = {Ken Hale and Keyser, Samuel Jay},
	Pages = {111--176},
	Publisher = {MIT Press},
	Title = {Distributed {Morphology} and the Pieces of Inflection},
	Year = {1993}}

@incollection{deal15nels,
	Address = {Amherst, MA},
	Author = {Deal, Amy Rose},
	Booktitle = {Proceedings of {NELS} 45},
	Editor = {Thuy Bui and Deniz Özyıldız},
	Pages = {179--192},
	Publisher = {GLSA},
	Title = {Interaction and satisfaction in $\phi$-agreement},
	Year = {2015}}

@incollection{darden92,
	Address = {Amsterdam/Philadelphia},
	Author = {Darden, Bill},
	Booktitle = {The Joy of Grammar},
	Date-Modified = {2020-05-25 15:14:39 +0100},
	Editor = {Diane Brentari and Larson, Gary N. and MacLeod, Lynn A.},
	Pages = {11--24},
	Publisher = {John Benjamins},
	Title = {The {Cairene} {Arabic} verb without form classes},
	Year = {1992}}

@incollection{chomsky70,
	Address = {Waltham, MA},
	Author = {Noam Chomsky},
	Booktitle = {Readings in {English} Transformational Grammar},
	Date-Modified = {2020-05-25 15:13:43 +0100},
	Editor = {Roderick A. Jacobs and Peter S. Rosenbaum},
	Pages = {184--221},
	Publisher = {Ginn},
	Title = {Remarks on Nominalization},
	Year = {1970}}

@incollection{chomsky01,
	Address = {Cambridge, MA},
	Author = {Noam Chomsky},
	Booktitle = {Ken {Hale}: {A} Life in Language},
	Date-Modified = {2020-05-25 15:14:14 +0100},
	Editor = {Michael Kenstowicz},
	Pages = {1--52},
	Publisher = {MIT Press},
	Title = {Derivation by Phase},
	Year = {2001}}

@incollection{chomsky00,
	Address = {Cambridge, MA},
	Author = {Noam Chomsky},
	Booktitle = {Step by Step: {Essays} on {Minimalist} Syntax in Honor of {Howard} {Lasnik}},
	Date-Modified = {2020-05-25 15:14:04 +0100},
	Editor = {Roger Martin and David Michaels and Juan Uriagereka},
	Pages = {89--155},
	Publisher = {MIT Press},
	Title = {Minimalist inquiries: {The} framework},
	Year = {2000}}

@incollection{bruening04,
	Address = {Oslo},
	Author = {Benjamin Bruening},
	Booktitle = {Demoting the Agent: {Proceedings} of the {Oslo} Workshop on Passive and Other Voice-Related Phenomena},
	Date-Modified = {2020-05-25 15:12:49 +0100},
	Editor = {T. Solstad, B. Lyngfelt and Krave, M. F.},
	Pages = {3--12},
	Publisher = {University of Oslo},
	Title = {Verbal Reciprocals},
	Year = {2004}}

@incollection{bowers01,
	Address = {Oxford},
	Author = {John Bowers},
	Booktitle = {The Handbook of Contemporary Syntactic Theory},
	Editor = {Mark Baltin and Chris Collins},
	Pages = {299--333},
	Publisher = {Blackwell},
	Title = {Predication},
	Year = {2001}}

@incollection{borerwexler87,
	Address = {Dordrecht},
	Author = {Hagit Borer and Kenneth Wexler},
	Booktitle = {Parameter Setting},
	Editor = {Thomas Roeper and Edwin Williams},
	Pages = {123--172},
	Publisher = {Springer},
	Series = {Studies in Theoretical Psycholinguistics},
	Title = {The Maturation of Syntax},
	Year = {1987}}

@incollection{borergrodzinsky86,
	Address = {New York},
	Author = {Borer, Hagit and Grodzinsky, Yosef},
	Booktitle = {Syntax and semantics},
	Date-Modified = {2020-05-25 15:12:22 +0100},
	Editor = {Hagit Borer},
	Pages = {175--217},
	Publisher = {Academic Press},
	Title = {Syntactic cliticization and lexical cliticization: {The} case of {Hebrew} dative clitics},
	Volume = {19},
	Year = {1986}}

@incollection{borer98csli,
	Address = {Stanford, CA},
	Author = {Hagit Borer},
	Booktitle = {Morphology and its relations to phonology and syntax},
	Editor = {Steven G. Lapointe and Diane K. Brentari and Patrick M. Farrell},
	Pages = {60--99},
	Publisher = {CSLI Publications},
	Title = {Deriving Passive without Theta Roles},
	Year = {1998}}

@inproceedings{borer15roots,
	Author = {Borer, Hagit},
	Booktitle = {Roots {IV}, {New} {York} {University}},
	Title = {Beyond Roots},
	Year = {2015}}

@incollection{borer04,
	Address = {Oxford},
	Author = {Hagit Borer},
	Booktitle = {The Unaccusativity Puzzle: {Explorations} of the Syntax-Lexicon Interface},
	Date-Modified = {2020-05-25 15:11:49 +0100},
	Editor = {Artemis Alexiadou and Elena Anagnostopoulou and Martin Everaert},
	Pages = {288--331},
	Publisher = {Oxford University Press},
	Title = {The grammar Machine},
	Year = {2004}}

@article{bopp1824,
	Address = {Berlin},
	Author = {Bopp, Franz},
	Booktitle = {Abhandlungen der historisch-philologischen Klasse der Königlichen Akademie der Wissenschaften zu Berlin},
	Date-Modified = {2020-05-25 15:11:28 +0100},
	Pages = {117--148},
	Publisher = {Druckerei der {Königlichen} {Akademie} der {Wissenschaften}},
	Title = {Vergleichende {Zergliederung} des {Sanskrits} und der mit ihm verwandten {Sprachen}. {Erste} {Abhandlung}. {Von} den {Wurzeln} und {Pronominen} erster und zweiter {Person}},
	Year = {1826}}

@incollection{bonetharbour12,
	Address = {Oxford},
	Author = {Eulália Bonet and Daniel Harbour},
	Booktitle = {The Morphology and Phonology of Exponence},
	Editor = {Jochen Trommer},
	Pages = {195--235},
	Publisher = {Oxford University Press},
	Sortname = {Eulalia Bonet and Daniel Harbour},
	Title = {Contextual allomorphy},
	Year = {2012}}

@incollection{boneh13tense,
	Address = {Leiden},
	Author = {Boneh, Nora},
	Booktitle = {Encyclopedia of {Hebrew} Language and Linguistics},
	Date-Modified = {2020-05-25 16:05:56 +0100},
	Editor = {Geoffrey Khan},
	Publisher = {Brill},
	Title = {Tense: {Modern} {Hebrew}},
	Year = {2013}}

@incollection{bhattpancheva17,
	Address = {London},
	Author = {Rajesh Bhatt and Roumyana Pancheva},
	Booktitle = {The {Blackwell} Companion to Syntax},
	Date-Modified = {2020-05-25 16:05:43 +0100},
	Edition = {2},
	Editor = {Martin Everaert and Henk C. van Riemsdijk},
	Publisher = {Blackwell},
	Title = {Implicit Arguments},
	Year = {2017}}

@incollection{batel17,
	Address = {Berlin},
	Author = {Outi Bat-El},
	Booktitle = {On Looking into Words (and beyond)},
	Date-Modified = {2020-05-25 15:02:17 +0100},
	Editor = {Claire Bowern and Laurence Horn and Raffaella Zanuttini},
	Pages = {115--135},
	Publisher = {Language Science Press},
	Title = {Word-based items-and processes ({WoBIP}): {Evidence} from {Hebrew} morphology},
	Year = {2017}}

@incollection{barashersiegalboneh18wccfl,
	Address = {Somerville, MA},
	Author = {Bar-Asher Siegal, Elitzur and Boneh, Nora},
	Booktitle = {Proceedings of the 36th {West} {Coast} Conference on Formal Linguistics ({WCCFL})},
	Date-Modified = {2020-05-25 15:01:45 +0100},
	Editor = {Richard Stockwell and Maura O'Leary and Zhongshi Xu and Z.L. Zhou},
	Pages = {55--60},
	Publisher = {Cascadilla Press},
	Title = {Sufficient and Necessary Conditions for a Non-Unified Analysis of Causation},
	Year = {2019}}

@incollection{barashersiegalboneh16,
	Address = {LSA},
	Author = {Bar-Asher Siegal, Elitzur and Nora Boneh},
	Booktitle = {Proceedings of the 26th Semantics and Linguistic Theory Conference},
	Date-Modified = {2020-05-25 15:01:06 +0100},
	Editor = {Moroney, Mary and Little, Carol-Rose and Collard, Jacob and Burgdorf, Dan},
	Pages = {103--121},
	Publisher = {LSA and CLC Publications},
	Title = {Discourse update at the service of mirativity effects: {The} case of the Discursive {Dative}},
	Volume = {26},
	Year = {2016}}

@incollection{barashersiegalboneh15,
	Author = {Bar-Asher Siegal, Elitzur and Nora Boneh},
	Booktitle = {Proceedings of the 30th Annual Conference of the {Israel} Association for Theoretical Linguistics ({IATL} 30)},
	Date-Modified = {2020-05-25 14:59:03 +0100},
	Editor = {Nurit Melnik},
	Pages = {1--23},
	Publisher = {MIT Press},
	Title = {Decomposing Affectedness: {Truth}-Conditional Non-core Datives in {Modern} {Hebrew}},
	Year = {2015}}

@incollection{barashersiegal16mmm,
	Author = {Bar-Asher Siegal, Elitzur},
	Booktitle = {Proceedings of the 10th {Mediterranean} Morphology Meeting ({MMM} 10)},
	Date-Modified = {2020-05-25 14:58:48 +0100},
	Editor = {Jenny Audring and Francesca Masini and Wendy Sandler},
	Pages = {16--30},
	Title = {The {Semitic} templates from the perspective of reciprocal predicates},
	Year = {2016}}

@inproceedings{alexiadouschaefer11wccfl,
	Author = {Alexiadou, Artemis and Florian Schäfer},
	Booktitle = {Online proceedings of {WCCFL} 28},
	Date-Modified = {2020-05-25 14:34:40 +0100},
	Editor = {Washburn, Mary Byram and Sarah Ouwayda and Chuoying Ouyang and Bin Yin and Canan Ipek and Lisa Marston and Aaron Walker},
	Sortname = {Alexiadou, Artemis and Florian Schafer},
	Title = {\emph{There}-Insertion: {An} Unaccusativity Mismatch at the Syntax-Semantics Interface},
	Year = {2011}}

@incollection{alexiadouetal13,
	Address = {Newcastle upon Tyne},
	Author = {Artemis Alexiadou and Mariangeles Cano and Gianina Iordăchioaia and Fabienne Martin and Florian Schäfer},
	Booktitle = {Categorization and category change},
	Editor = {Gianina Iordăchioaia and Isabelle Roy and Takamine, Kaori},
	Pages = {153--180},
	Publisher = {Cambridge Scholars Publishing},
	Sortname = {Artemis Alexiadou and Mariangeles Cano and Gianina Iordachioaia and Fabienne Martin and Florian Schafer},
	Title = {`{D}irect participation' and `agent exclusivity' effects in derived nominals and beyond},
	Year = {2013}}

@incollection{alexiadouetal06nels,
	Address = {Amherst, MA},
	Author = {Artemis Alexiadou and Elena Anagnostopoulou and Florian Schäfer},
	Booktitle = {Proceedings of {NELS} 36},
	Editor = {Chris Davis and Deal, Amy Rose and Youri Zabbal},
	Pages = {115--128},
	Publisher = {GLSA},
	Sortname = {Artemis Alexiadou and Elena Anagnostopoulou and Florian Schafer},
	Title = {The fine structure of (anti-)causatives},
	Year = {2006}}

@incollection{alexiadouetal06,
	Address = {Berlin},
	Author = {Artemis Alexiadou and Elena Anagnostopoulou and Florian Schäfer},
	Booktitle = {Phases of Interpretation},
	Editor = {Mara Frascarelli},
	Pages = {187--211},
	Publisher = {Mouton de Gruyter},
	Sortname = {Artemis Alexiadou and Elena Anagnostopoulou and Florian Schafer},
	Title = {The properties of anticausatives crosslinguistically},
	Year = {2006}}

@incollection{alexiadouanagnostopoulou04,
	Address = {Oxford},
	Author = {Artemis Alexiadou and Elena Anagnostopoulou},
	Booktitle = {The Unaccusativity Puzzle: {Explorations} of the Syntax-Lexicon Interface},
	Date-Modified = {2020-05-25 14:33:11 +0100},
	Editor = {Artemis Alexiadou and Elena Anagnostopoulou and Martin Everaert},
	Pages = {114--136},
	Publisher = {Oxford University Press},
	Title = {Voice morphology in the causative-inchoative alternation: {Evidence} for a non-unified structural analysis of unaccusatives},
	Year = {2004}}

@incollection{alexiadouafto,
	Address = {Oxford},
	Author = {Artemis Alexiadou},
	Booktitle = {The Syntax of Roots and the Roots of Syntax},
	Editor = {Artemis Alexiadou and Hagit Borer and Florian Schäfer},
	Pages = {57--80},
	Publisher = {Oxford University Press},
	Title = {Roots in transitivity alternations: \emph{afto}/\emph{auto} reflexives},
	Year = {2014}}

@incollection{alexiadou17,
	Address = {Oxford},
	Author = {Artemis Alexiadou},
	Booktitle = {The {Oxford} Handbook of Ergativity},
	Editor = {Jessica Coon and Diane Massam and Lisa deMena Travis},
	Pages = {355--372},
	Publisher = {Oxford University Press},
	Title = {Ergativity in nominalization},
	Year = {2017}}

@incollection{alexiadou09,
	Address = {Oxford},
	Author = {Artemis Alexiadou},
	Booktitle = {Quantification, definiteness and nominalization},
	Date-Modified = {2020-05-25 14:32:25 +0100},
	Editor = {Anastasia Giannakidou and Monika Rathert},
	Pages = {253--280},
	Publisher = {Oxford University Press},
	Title = {On the role of syntactic locality in morphological processes: {The} case of ({Greek}) derived nominals},
	Year = {2009}}

@incollection{alexiadou08,
	Address = {Amsterdam/Philadelphia},
	Author = {Artemis Alexiadou},
	Booktitle = {Linguistic Variation Yearbook},
	Date-Modified = {2020-05-25 14:32:10 +0100},
	Editor = {Van Craenenbroeck, Jeroen},
	Pages = {33--60},
	Publisher = {John Benjamins},
	Title = {Tense marking in the nominal domain: {Implications} for grammar architecture},
	Year = {2008}}

@incollection{ahdoutkastner19nels,
	Address = {Amherst, MA},
	Author = {Odelia Ahdout and Itamar Kastner},
	Booktitle = {Proceedings of {NELS} 49},
	Date-Modified = {2020-05-25 15:03:19 +0100},
	Editor = {Maggie Baird and Duygu Göksu and Pesetsky, Jonathan},
	Publisher = {GLSA},
	Title = {Non-active verbs in {Hebrew} and the input to nominalization},
	Year = {2019}}

@incollection{adgersvenonius11,
	Address = {Oxford},
	Author = {Adger, David and Svenonius, Peter},
	Booktitle = {The Handbook of Linguistic {Minimalism}},
	Editor = {Boeckx, Cedric},
	Pages = {27--51},
	Publisher = {Blackwell},
	Title = {Features in {Minimalist} Syntax},
	Year = {2011}}

@book{wood15springer,
	Address = {Dordrecht},
	Author = {Jim Wood},
	Number = {90},
	Publisher = {Springer},
	Series = {Studies in Natural Language \& Linguistic Theory},
	Title = {{Icelandic} Morphosyntax and Argument Structure},
	Year = {2015}}

@book{williams15,
	Address = {Cambridge},
	Author = {Alexander Williams},
	Publisher = {Cambridge University Press},
	Title = {Arguments in Syntax and Semantics},
	Year = {2015}}

@book{unaccusativity95,
	Address = {Cambridge, MA},
	Author = {Beth Levin and Rappaport Hovav, Malka},
	Date-Modified = {2020-05-25 15:37:28 +0100},
	Number = {26},
	Publisher = {MIT Press},
	Series = {Linguistic Inquiry Monographs},
	Title = {Unaccusativity: {At} the Syntax--Lexical Semantics Interface},
	Year = {1995}}

@book{tubinoblanco11,
	Address = {Amsterdam/Philadelphia},
	Author = {Mercedes Tubino Blanco},
	Number = {179},
	Publisher = {John Benjamins},
	Series = {Linguistik Aktuell},
	Title = {Causatives in {Minimalism}},
	Year = {2011}}

@book{siloni97,
	Address = {Dordrecht},
	Author = {Tal Siloni},
	Date-Modified = {2020-05-25 15:55:16 +0100},
	Publisher = {Kluwer},
	Title = {Noun Phrases and Nominalizations: {The} Syntax of {DPs}},
	Year = {1997}}

@book{schwarzwald81biu,
	Address = {Ramat Gan},
	Author = {Schwarzwald, Ora (Rodrigue)},
	Date-Modified = {2020-05-25 15:54:57 +0100},
	Publisher = {Bar Ilan University Press},
	Sortname = {Schwarzwald, Ora (Rodrigue)},
	Title = {dikduk u-metzi'ut ba-po'al ha-ivri \textup{[Grammar and Reality in the {Hebrew} Verb]}},
	Year = {1981}}

@book{schaefer08,
	Address = {Amsterdam/Philadelphia},
	Author = {Florian Schäfer},
	Publisher = {John Benjamins},
	Sortname = {Florian Schafer},
	Title = {The Syntax of (Anti-)Causatives},
	Year = {2008}}

@book{rosen77,
	Address = {The Hague},
	Author = {Rosén, Haim},
	Publisher = {Mouton},
	Sortname = {Rosen, Haim},
	Title = {Contemporary {Hebrew}},
	Year = {1977}}

@book{ratcliffe98,
	Address = {Amsterdam/Philadelphia},
	Author = {Ratcliffe, Robert},
	Publisher = {John Benjamins},
	Title = {The ``Broken'' Plural Problem in {Arabic} and Comparative {Semitic}},
	Year = {1998}}

@book{pylkkanen08,
	Address = {Cambridge, MA},
	Author = {Liina Pylkkänen},
	Number = {49},
	Publisher = {MIT Press},
	Series = {Linguistic Inquiry Monographs},
	Sortname = {Liina Pylkkanen},
	Title = {Introducing Arguments},
	Year = {2008}}

@book{preminger14mit,
	Address = {Cambridge, MA},
	Author = {Omer Preminger},
	Number = {68},
	Publisher = {MIT Press},
	Series = {Linguistic Inquiry Monographs},
	Title = {Agreement and Its Failures},
	Year = {2014}}

@book{pesetsky95,
	Address = {Cambridge, MA},
	Author = {David Pesetsky},
	Date-Modified = {2020-05-25 15:50:35 +0100},
	Publisher = {MIT Press},
	Title = {Zero Syntax: {Experiencers} and Cascades},
	Year = {1995}}

@book{owens88,
	Address = {Amsterdam/Philadelphia},
	Author = {Owens, Jonathan},
	Date-Modified = {2020-05-25 15:50:27 +0100},
	Publisher = {John Benjamins},
	Title = {The Foundations of Grammar: {An} Introduction to Medieval {Arabic} Grammatical Theory},
	Year = {1988}}

@book{ot,
	Address = {Malden, MA, and Oxford},
	Author = {Prince, Alan and Smolensky, Paul},
	Date-Modified = {2020-05-25 15:52:23 +0100},
	Note = {Revision of 1993 technical report, Rutgers University Center for Cognitive Science. ROA 537},
	Publisher = {Blackwell},
	Title = {Optimality Theory: {Constraint} Interaction in Generative Grammar},
	Year = {1993/2004}}

@book{myler16mit,
	Address = {Cambridge, MA},
	Author = {Neil Myler},
	Date-Modified = {2020-05-25 15:42:36 +0100},
	Publisher = {MIT Press},
	Title = {Building and Interpreting Possession Sentences},
	Year = {2016}}

@book{marantz84,
	Address = {Cambridge, MA},
	Author = {Alec Marantz},
	Number = {10},
	Publisher = {MIT Press},
	Series = {Linguistic Inquiry Monographs},
	Title = {On the Nature of Grammatical Relations},
	Year = {1984}}

@book{levin93,
	Address = {Chicago},
	Author = {Beth Levin},
	Date-Modified = {2020-05-25 15:37:12 +0100},
	Publisher = {University of Chicago Press},
	Title = {{English} Verb Classes and Alternations: {A} Preliminary Investigation},
	Year = {1993}}

@book{legate14,
	Address = {Cambridge, MA},
	Author = {Legate, Julie Anne},
	Date-Modified = {2020-05-25 15:37:02 +0100},
	Number = {69},
	Publisher = {MIT Press},
	Series = {Linguistic Inquiry Monographs},
	Title = {Voice and v: {Lessons} from {Acehnese}},
	Year = {2014}}

@book{layering15,
	Address = {Oxford},
	Author = {Artemis Alexiadou and Elena Anagnostopoulou and Florian Schäfer},
	Date-Modified = {2020-05-25 14:33:23 +0100},
	Publisher = {Oxford University Press},
	Sortname = {Artemis Alexiadou and Elena Anagnostopoulou and Florian Schafer},
	Title = {External Arguments in Transitivity Alternations: {A} Layering Approach},
	Year = {2015}}

@book{koopmanszabolcsi00,
	Address = {Cambridge, MA},
	Author = {Koopman, Hilda and Szabolcsi, Anna},
	Publisher = {MIT Press},
	Title = {Verbal Complexes},
	Year = {2000}}

@book{klaiman91,
	Address = {Cambridge},
	Author = {Klaiman, M. H.},
	Publisher = {Cambridge University Press},
	Title = {Grammatical Voice},
	Year = {1991}}

@book{jacobsen92,
	Address = {Tokyo},
	Author = {Wesley Jacobsen},
	Publisher = {Kurosio},
	Title = {The Transitive Structure of Events in {Japanese}},
	Year = {1992}}

@book{halekeyser02,
	Address = {Cambridge, MA},
	Author = {Hale, Ken and Keyser, Samuel Jay},
	Number = {39},
	Publisher = {MIT Press},
	Series = {Linguistic Inquiry Monographs},
	Title = {Prolegomenon to a Theory of Argument Structure},
	Year = {2002}}

@book{grohmann03,
	Address = {Amsterdam/Philadelphia},
	Author = {Grohmann, Kleanthes K.},
	Date-Modified = {2020-05-25 15:25:50 +0100},
	Publisher = {John Benjamins},
	Title = {Prolific domains: {On} the anti-locality of movement dependencies},
	Year = {2003}}

@book{grimshaw90,
	Address = {Cambridge, MA},
	Author = {Jane Grimshaw},
	Publisher = {MIT Press},
	Title = {Argument Structure},
	Year = {1990}}

@book{gesenius,
	Address = {Oxford},
	Author = {Gesenius, F. H. W.},
	Booktitle = {Gesenius' {Hebrew} Grammar},
	Editor = {Kautzsch, E. and Cowley, A. E. Cowley},
	Publisher = {Clarendon Press},
	Title = {Gesenius' {Hebrew} Grammar},
	Year = {1813/1919}}

@book{geniusiene87,
	Address = {Berlin},
	Author = {Geniušienẹ, Emma},
	Publisher = {Mouton de Gruyter},
	Sortname = {Geniusiene, Emma},
	Title = {The typology of reflexives},
	Year = {1987}}

@book{ewald1827,
	Address = {Leipzig},
	Author = {Ewald, Georg Heinrich August},
	Publisher = {Hahn},
	Title = {Kritische {Grammatik} der hebräischen {Sprache}},
	Year = {1827}}

@book{embick10,
	Address = {Cambridge, MA},
	Author = {David Embick},
	Number = {60},
	Publisher = {MIT Press},
	Series = {Linguistic Inquiry Monographs},
	Title = {Localism versus Globalism in Morphology and Phonology},
	Year = {2010}}

@book{desacy1810,
	Address = {Paris},
	Author = {de Sacy, Sylvestre Antoine Isaac},
	Date-Modified = {2020-05-25 15:17:19 +0100},
	Publisher = {Imprimerie Royale},
	Title = {Grammaire arabe à l'usage des élèves de l'école spéciale des langues orientales vivantes},
	Year = {1810}}

@book{chungladusaw04,
	Address = {Cambridge, MA},
	Author = {Sandra Chung and William A. Ladusaw},
	Publisher = {MIT Press},
	Title = {Restriction and Saturation},
	Year = {2004}}

@book{chomsky95,
	Address = {Cambridge, MA},
	Author = {Noam Chomsky},
	Publisher = {MIT Press},
	Title = {The Minimalist Program},
	Year = {1995}}

@book{burzio86,
	Address = {Dordrecht},
	Author = {Luigi Burzio},
	Publisher = {Reidel},
	Title = {{Italian} Syntax},
	Year = {1986}}

@book{borer13oup,
	Address = {Oxford},
	Author = {Hagit Borer},
	Date-Modified = {2020-05-25 15:11:57 +0100},
	Publisher = {Oxford University Press},
	Title = {Structuring Sense, vol.~3: {Taking} Form},
	Year = {2013}}

@book{borer05vol2,
	Address = {Oxford},
	Author = {Hagit Borer},
	Date-Modified = {2020-05-25 15:12:02 +0100},
	Publisher = {Oxford University Press},
	Title = {Structuring Sense, vol.~2: {The} Normal Course of Events},
	Year = {2005}}

@book{bolozky99,
	Address = {New York, NY},
	Author = {Shmuel Bolozky},
	Date-Modified = {2020-05-25 15:10:38 +0100},
	Publisher = {Brill},
	Title = {Measuring Productivity in Word Formation: {The} Case of {Israeli} {Hebrew}},
	Year = {1999}}

@book{bobaljik12,
	Address = {Cambridge, MA},
	Author = {Bobaljik, Jonathan David},
	Publisher = {MIT Press},
	Title = {Universals in Comparative Morphology},
	Year = {2012}}

@book{berman78,
	Address = {Tel Aviv},
	Author = {Berman, Ruth},
	Date-Modified = {2020-05-25 15:35:48 +0100},
	Publisher = {University of Tel Aviv Publishing Projects},
	Title = {Modern {Hebrew} Structure},
	Year = {1978}}

@book{baker88,
	Address = {Chicago},
	Author = {Baker, Mark C.},
	Date-Modified = {2020-05-25 14:58:22 +0100},
	Publisher = {University of Chicago Press},
	Title = {Incorporation: {A} Theory of Grammatical Function Changing},
	Year = {1988}}

@book{aronoff94,
	Address = {Cambridge, MA},
	Author = {Mark Aronoff},
	Date-Modified = {2020-05-25 14:56:34 +0100},
	Publisher = {MIT Press},
	Quality = {1},
	Title = {Morphology by Itself: {Stems} and Inflectional Classes},
	Year = {1994}}

@book{arad05,
	Address = {Dordrecht},
	Author = {Maya Arad},
	Publisher = {Springer},
	Title = {Roots and Patterns: {Hebrew} Morpho-syntax},
	Year = {2005}}

@book{alexiadou01,
	Address = {Philadelphia, PA},
	Author = {Artemis Alexiadou},
	Date-Modified = {2020-05-25 14:31:55 +0100},
	Publisher = {John Benjamins},
	Title = {Functional Structure in Nominals: {Nominalization} and Ergativity},
	Year = {2001}}

@book{adger03,
	Address = {Oxford},
	Author = {David Adger},
	Date-Modified = {2020-05-25 14:29:38 +0100},
	Publisher = {Oxford University Press},
	Title = {Core Syntax: {A} {Minimalist} Approach},
	Year = {2003}}

@article{zeijlstra12,
	Author = {Zeijlstra, Hedde},
	Journal = {The Linguistic Review},
	Pages = {491--539},
	Title = {There is only one way to agree},
	Volume = {29},
	Year = {2012}}

@article{wood16roots,
	Author = {Jim Wood},
	Journal = {Working Papers in Scandinavian Syntax},
	Pages = {1--25},
	Title = {How roots do and don't constrain the interpretation of {Voice}},
	Volume = {96},
	Year = {2016}}

@article{wood14nllt,
	Author = {Jim Wood},
	Journal = {Natural Language \& Linguistic Theory},
	Number = {4},
	Pages = {1387--1425},
	Title = {Reflexive -\emph{st} verbs in {Icelandic}},
	Volume = {32},
	Year = {2014}}

@article{vonstechow96,
	Author = {Arnim von Stechow},
	Date-Modified = {2020-05-25 15:58:51 +0100},
	Journal = {Journal of Semantics},
	Number = {2},
	Pages = {87--138},
	Title = {The different readings of \emph{wieder} `again': {A} structural account},
	Volume = {13},
	Year = {1996}}

@article{ussishkin99,
	Author = {Adam Ussishkin},
	Journal = {Phonology},
	Number = {3},
	Pages = {401--442},
	Title = {The Inadequacy of the Consonantal Root: {Modern} {Hebrew} Denominal Verbs and Output-Output Correspondence},
	Volume = {16},
	Year = {1999}}

@article{ussishkin05,
	Author = {Adam Ussishkin},
	Doi = {10.1007/s11049-003-7790-8},
	Journal = {Natural Language \& Linguistic Theory},
	Pages = {169--218},
	Title = {A Fixed Prosodic Theory of Nonconcatenative Templatic Morphology},
	Volume = {23},
	Year = {2005},
	Bdsk-Url-1 = {https://doi.org/10.1007/s11049-003-7790-8}}

@article{svenonius03,
	Author = {Svenonius, Peter},
	Date-Modified = {2020-05-25 15:57:14 +0100},
	Journal = {Nordlyd},
	Number = {2},
	Pages = {431--445},
	Title = {Limits on {P}: {Filling} in holes vs.~Falling in holes},
	Volume = {31},
	Year = {2003}}

@article{suga80,
	Author = {Suga, Kazuyoshi},
	Journal = {Kokugogaku},
	Pages = {31--41},
	Title = {Heizon-suru zidoshi/tadoshi no imi [\emph{The meaning of coexistent intransitive/transitive verbs}]},
	Volume = {120},
	Year = {1980}}

@article{spathasetal15,
	Author = {Giorgos Spathas and Artemis Alexiadou and Florian Schäfer},
	Journal = {Natural Language \& Linguistic Theory},
	Pages = {1293--1350},
	Sortname = {Giorgos Spathas and Artemis Alexiadou and Florian Schafer},
	Title = {Middle {Voice} and reflexive interpretations: \emph{afto}-prefixation in {Greek}},
	Volume = {33},
	Year = {2015}}

@article{siloni12,
	Author = {Tal Siloni},
	Journal = {Natural Language \& Linguistic Theory},
	Pages = {261--320},
	Title = {Reciprocal verbs and symmetry},
	Volume = {30},
	Year = {2012}}

@article{sichel09,
	Author = {Sichel, Ivy},
	Journal = {Linguistic Inquiry},
	Number = {4},
	Pages = {712--723},
	Title = {New Evidence for the Structural Realization of the Implicit External Argument in Nominalizations},
	Volume = {40},
	Year = {2009}}

@article{schwarzwald81,
	Author = {Schwarzwald, Ora (Rodrigue)},
	Journal = {Hebrew Studies},
	Pages = {131--137},
	Sortname = {Schwarzwald, Ora (Rodrigue)},
	Title = {Frequency Factors as Determinants in the \emph{binyanim} Meanings},
	Volume = {22},
	Year = {1981}}

@article{schwarzwald73,
	Author = {Schwarzwald, Ora (Rodrigue)},
	Journal = {Hebrew Abstracts},
	Pages = {95--96},
	Sortname = {Schwarzwald, Ora (Rodrigue)},
	Title = {Roots and Patterns in the {Modern} {Hebrew} Lexicon},
	Volume = {14},
	Year = {1973}}

@article{schaefervivanco16,
	Author = {Schäfer, Florian and Margot Vivanco},
	Date-Modified = {2020-05-25 15:53:45 +0100},
	Doi = {10.5334/gjgl.36},
	Issue = {18},
	Journal = {Glossa: {A} Journal of General Linguistics},
	Journaltitle = {Glossa},
	Number = {18},
	Sortname = {Schafer, Florian and Margot Vivanco},
	Title = {Anticausatives are weak scalar expressions, not reflexive expressions},
	Volume = {1},
	Year = {2016},
	Bdsk-Url-1 = {https://doi.org/10.5334/gjgl.36}}

@article{schaefer12,
	Author = {Sch{ä}fer, Florian},
	Journal = {The Journal of Comparative Germanic Linguistics},
	Number = {3},
	Pages = {213--268},
	Sortname = {Sch{a}fer, Florian},
	Title = {The passive of reflexive verbs and its implications for theories of binding and case},
	Volume = {15},
	Year = {2012}}

@article{rotsteinwinter04,
	Author = {Rotstein, Carmen and Yoad Winter},
	Date-Modified = {2020-05-25 15:53:28 +0100},
	Journal = {Natural Language Semantics},
	Pages = {259--288},
	Title = {Total adjectives vs.~Partial adjectives: {Scale} structure and higher-order modifiers},
	Volume = {12},
	Year = {2004}}

@article{ritter95,
	Author = {Elizabeth Ritter},
	Journal = {Natural Language \& Linguistic Theory},
	Number = {3},
	Pages = {405--443},
	Title = {On the Syntactic Category of Pronouns and Agreement},
	Volume = {13},
	Year = {1995}}

@article{reinhartsiloni05,
	Author = {Tanya Reinhart and Tal Siloni},
	Date-Modified = {2020-05-25 15:52:53 +0100},
	Journal = {Linguistic Inquiry},
	Number = {3},
	Pages = {389--436},
	Title = {The Lexicon-Syntax Parameter: {Reflexivization} and Other Arity Operations},
	Volume = {36},
	Year = {2005}}

@article{reinhart02,
	Author = {Reinhart, Tanya},
	Date-Modified = {2020-05-25 15:52:48 +0100},
	Journal = {Theoretical Linguistics},
	Journaltitle = {Theoretical Linguistics},
	Pages = {229--290},
	Title = {The theta system: {An} overview},
	Volume = {28},
	Year = {2002}}

@article{ravid90,
	Author = {Ravid, Dorit},
	Journal = {Folia Linguistica},
	Pages = {289--347},
	Title = {Internal structure constraints on new-word formation devices in {Modern} {Hebrew}},
	Volume = {24},
	Year = {1990}}

@article{preminger13tlr,
	Author = {Omer Preminger},
	Date-Modified = {2020-05-25 15:52:14 +0100},
	Journal = {The Linguistic Review},
	Number = {3},
	Pages = {491--500},
	Title = {That's not how you agree: {A} reply to {Zeijlstra}},
	Volume = {30},
	Year = {2013}}

@article{poortmanetal18,
	Author = {Eva B. Poortman and Marijn E. Struiksma and Nir Kerem and Naama Friedmann and Yoad Winter},
	Date-Modified = {2020-05-25 15:51:00 +0100},
	Doi = {10.5334/gjgl.180},
	Journal = {Glossa: {A} Journal of General Linguistics},
	Month = {feb},
	Number = {1},
	Pages = {18},
	Publisher = {Ubiquity Press, Ltd.},
	Title = {Reciprocal expressions and the Maximal Typicality Hypothesis},
	Volume = {3},
	Year = {2018},
	Bdsk-Url-1 = {https://doi.org/10.5334/gjgl.180}}

@article{pollock89,
	Author = {Jean-Yves Pollock},
	Journal = {Linguistic Inquiry},
	Number = {3},
	Pages = {365--424},
	Title = {Verb movement, {UG}, and the structure of {IP}},
	Volume = {20},
	Year = {1989}}

@article{pak16,
	Author = {Marjorie Pak},
	Journal = {Glossa},
	Number = {1},
	Pages = {20},
	Title = {How allomorphic is {English} article allomorphy?},
	Volume = {1},
	Year = {2016}}

@article{ouhalla16,
	Author = {Jamal Ouhalla},
	Date-Modified = {2020-05-25 15:50:17 +0100},
	Issue = {1},
	Journal = {Brill's Journal of {Afroasiatic} Languages and Linguistics},
	Pages = {200--222},
	Title = {Root-Extraction: {Roots}, Verbs and Nouns `Need' in {Arabic}},
	Volume = {8},
	Year = {2016}}

@article{nie20,
	Author = {Yining Nie},
	Date-Modified = {2020-05-25 15:49:27 +0100},
	Journal = {Word Structure},
	Number = {1},
	Pages = {102--126},
	Title = {Morphological causatives are {Voice} over {Voice}},
	Volume = {13},
	Year = {2020}}

@article{neeleman97,
	Author = {Ad Neeleman},
	Doi = {10.1023/a:1005700831534},
	Journal = {Natural Language \& Linguistic Theory},
	Number = {1},
	Pages = {89--137},
	Title = {{PP}-Complements},
	Volume = {15},
	Year = {1997},
	Bdsk-Url-1 = {https://doi.org/10.1023/a:1005700831534}}

@article{miyagawa98,
	Author = {Shigeru Miyagawa},
	Date-Modified = {2020-05-25 15:40:33 +0100},
	Journal = {Journal of Japanese Linguistics},
	Pages = {67--110},
	Title = {({\emph{S}})\emph{ase} as an elsewhere causative and the syntactic nature of words},
	Volume = {16},
	Year = {1998}}

@article{meltzerasscher11,
	Author = {Meltzer-Asscher, Aya},
	Date-Modified = {2020-05-25 15:39:05 +0100},
	Journal = {Natural Language \& Linguistic Theory},
	Number = {3},
	Pages = {815--855},
	Title = {Adjectival passives in {Hebrew}: {Evidence} for parallelism between the adjectival and verbal systems},
	Volume = {29},
	Year = {2011}}

@article{mccloskey14,
	Author = {McCloskey, James},
	Journal = {Syntax},
	Number = {4},
	Pages = {343--384},
	Title = {{Irish} Existentials in Context},
	Volume = {17},
	Year = {2014}}

@article{matushansky19,
	Author = {Ora Matushansky},
	Journal = {Linguistic Inquiry},
	Number = {1},
	Pages = {63--104},
	Title = {Against the {PredP} theory of small clauses},
	Volume = {50},
	Year = {2019}}

@article{linzen14pd,
	Author = {Tal Linzen},
	Journal = {Linguistics},
	Number = {3},
	Pages = {759--792},
	Title = {Parallels between cross-linguistic and language-internal variation in {Hebrew} possessive constructions},
	Volume = {52},
	Year = {2014}}

@article{lidz01,
	Author = {Jeffrey Lidz},
	Journal = {Natural Language \& Linguistic Theory},
	Number = {2},
	Pages = {311--353},
	Title = {The Argument Structure of Verbal Reflexives},
	Volume = {19},
	Year = {2001}}

@article{levinrappaport86,
	Author = {Beth Levin and Malka Rappaport},
	Journal = {Linguistic Inquiry},
	Number = {4},
	Pages = {623--661},
	Title = {The Formation of Adjectival Passives},
	Volume = {17},
	Year = {1986}}

@article{legate12lang,
	Author = {Legate, Julie Anne},
	Journal = {Language},
	Number = {3},
	Pages = {495--525},
	Title = {Subjects in {Acehnese} And The Nature of The Passive},
	Volume = {12},
	Year = {2012}}

@article{landau10,
	Author = {Idan Landau},
	Journal = {Linguistic Inquiry},
	Number = {3},
	Pages = {357--388},
	Title = {The Explicit Syntax of Implicit Arguments},
	Volume = {41},
	Year = {2010}}

@article{landau06,
	Author = {Idan Landau},
	Date-Modified = {2020-05-25 15:36:52 +0100},
	Journal = {Syntax},
	Number = {1},
	Pages = {32--66},
	Title = {Chain Resolution in {Hebrew} {V}({P})-fronting},
	Volume = {9},
	Year = {2006}}

@article{lakscohen16,
	Author = {Lior Laks and Cohen, Evan-Gary},
	Date-Modified = {2020-05-25 15:36:45 +0100},
	Journal = {Morphology},
	Pages = {425--452},
	Title = {Component-dependent allomorphy and paradigm accessibility: {Evidence} from {Hebrew}},
	Volume = {26},
	Year = {2016}}

@article{laks18,
	Author = {Lior Laks},
	Doi = {10.1418/91867},
	Journal = {Lingue e linguaggio},
	Number = {2},
	Pages = {233--260},
	Title = {Morphological compensation for empty paradigm cells},
	Volume = {17},
	Year = {2018},
	Bdsk-Url-1 = {https://doi.org/10.1418/91867}}

@article{laks15ws,
	Author = {Lior Laks},
	Journal = {Word Structure},
	Number = {1},
	Pages = {1--28},
	Title = {Variation and change in instrument noun formation in {Hebrew} and its relation to the verbal system},
	Volume = {8},
	Year = {2015}}

@article{laks14,
	Author = {Lior Laks},
	Date-Modified = {2020-05-25 15:36:32 +0100},
	Journal = {Lingua},
	Pages = {107--127},
	Title = {Morpho-thematic mismatches in {Hebrew}: {What} happens when morphological and thematic criteria collide?},
	Volume = {138},
	Year = {2014}}

@article{laks13morpho,
	Author = {Lior Laks},
	Date-Modified = {2020-05-25 15:36:16 +0100},
	Journal = {Morphology},
	Pages = {351--383},
	Title = {Why and how do {Hebrew} verbs change their form? {A} morpho-thematic account},
	Volume = {23},
	Year = {2013}}

@article{labelle08,
	Author = {Marie Labelle},
	Journal = {Natural Language \& Linguistic Theory},
	Pages = {833--876},
	Title = {The {French} reflexive and reciprocal \emph{se}},
	Volume = {26},
	Year = {2008}}

@article{kramer16li,
	Author = {Ruth Kramer},
	Date-Modified = {2020-05-25 15:34:15 +0100},
	Journal = {Linguistic Inquiry},
	Pages = {527--559},
	Title = {A Split Analysis of Plurality: {Number} in {Amharic}},
	Volume = {47},
	Year = {2016}}

@article{kramer14,
	Author = {Ruth Kramer},
	Date-Modified = {2020-05-25 15:34:06 +0100},
	Journal = {Language Sciences},
	Pages = {102--115},
	Title = {Gender in {Amharic}: {A} Morphosyntactic Approach to Natural and Grammatical Gender},
	Volume = {43},
	Year = {2014}}

@article{koopman05,
	Author = {Hilda Koopman},
	Journal = {Linguistic Inquiry},
	Number = {4},
	Pages = {601--633},
	Title = {{Korean} (and {Japanese}) Morphology from a Syntactic Perspective},
	Volume = {36},
	Year = {2005}}

@article{koontzgarboden09,
	Author = {Andrew Koontz-Garboden},
	Journal = {Natural Language \& Linguistic Theory},
	Number = {1},
	Pages = {77--138},
	Title = {Anticausativization},
	Volume = {27},
	Year = {2009}}

@article{kastnerzu17,
	Author = {Itamar Kastner and Vera Zu},
	Journal = {Morphology},
	Number = {4},
	Pages = {643--684},
	Title = {Blocking and Paradigm Gaps},
	Volume = {27},
	Year = {2017}}

@article{kastnermoskal18,
	Author = {Itamar Kastner and Beata Moskal},
	Date-Modified = {2020-05-25 15:33:20 +0100},
	Journal = {Snippets},
	Pages = {1},
	Title = {Non-local contextual allomorphy: {Introduction} to the special issue},
	Volume = {34},
	Year = {2018}}

@article{kastneretal18,
	Author = {Itamar Kastner and Liina Pylkkänen and Alec Marantz},
	Date-Modified = {2020-05-25 16:06:28 +0100},
	Doi = {10.3389/fpsyg.2018.02163},
	Journal = {Frontiers in Psychology},
	Number = {2163},
	Sortname = {Itamar Kastner and Liina Pylkkanen and Alec Marantz},
	Title = {The form of morphemes: {MEG} evidence from masked priming of two {Hebrew} templates},
	Volume = {9},
	Year = {2018},
	Bdsk-Url-1 = {https://doi.org/10.3389/fpsyg.2018.02163}}

@article{kastneradriaans17,
	Author = {Itamar Kastner and Frans Adriaans},
	Date-Modified = {2020-05-25 15:33:08 +0100},
	Doi = {10.1111/cogs.12521},
	Journal = {Cognitive Science},
	Number = {S2},
	Pages = {494--518},
	Title = {Linguistic constraints on statistical word segmentation: {The} role of consonants in {Arabic} and {English}},
	Volume = {42},
	Year = {2018},
	Bdsk-Url-1 = {https://doi.org/10.1111/cogs.12521}}

@article{kastner19tlr,
	Author = {Itamar Kastner},
	Date-Modified = {2020-05-25 15:32:48 +0100},
	Doi = {10.1515/tlr-2019-2025},
	Journal = {The Linguistic Review},
	Number = {3},
	Pages = {437--451},
	Title = {Inchoatives in causative clothing: {Change} of state in {Modern} {Hebrew} {heXYiZ}},
	Volume = {36},
	Year = {2019},
	Bdsk-Url-1 = {https://doi.org/10.1515/tlr-2019-2025}}

@article{kastner18nllt,
	Author = {Itamar Kastner},
	Date-Modified = {2020-05-25 15:32:58 +0100},
	Doi = {10.1007/s11049-018-9419-y},
	Journal = {Natural Language \& Linguistic Theory},
	Number = {2},
	Pages = {571--619},
	Title = {Templatic morphology as an emergent property: {Roots} and functional heads in {Hebrew}},
	Volume = {37},
	Year = {2019},
	Bdsk-Url-1 = {https://doi.org/10.1007/s11049-018-9419-y}}

@article{kastner17gjgl,
	Author = {Itamar Kastner},
	Date-Modified = {2020-05-25 15:32:37 +0100},
	Doi = {10.5334/gjgl.299},
	Journal = {Glossa},
	Number = {1},
	Pages = {75},
	Title = {Reflexive verbs in {Hebrew}: {Deep} unaccusativity meets lexical semantics},
	Volume = {2},
	Year = {2017},
	Bdsk-Url-1 = {https://doi.org/10.5334/gjgl.299}}

@article{kastner15lingua,
	Author = {Itamar Kastner},
	Date-Modified = {2020-05-25 15:32:24 +0100},
	Journal = {Lingua},
	Pages = {156--188},
	Title = {Factivity mirrors interpretation: {The} selectional requirements of presuppositional verbs},
	Volume = {164},
	Year = {2015}}

@article{johnson91,
	Author = {Kyle Johnson},
	Doi = {10.1007/bf00134751},
	Journal = {Natural Language \& Linguistic Theory},
	Number = {4},
	Pages = {577--636},
	Title = {Object positions},
	Volume = {9},
	Year = {1991},
	Bdsk-Url-1 = {https://doi.org/10.1007/bf00134751}}

@article{jjmcc89li,
	Author = {McCarthy, John J.},
	Journal = {Linguistic Inquiry},
	Pages = {71--99},
	Title = {Linear order in phonological representation},
	Volume = {20},
	Year = {1989}}

@article{jjmcc81,
	Author = {McCarthy, John J.},
	Journal = {Linguistic Inquiry},
	Pages = {373--418},
	Title = {A prosodic theory of nonconcatenative morphology},
	Volume = {12},
	Year = {1981}}

@article{jerro17,
	Author = {Kyle Jerro},
	Doi = {10.1017/s0022226717000044},
	Journal = {Journal of Linguistics},
	Number = {4},
	Pages = {751--788},
	Title = {The causative{\textendash}instrumental syncretism},
	Volume = {53},
	Year = {2017},
	Bdsk-Url-1 = {https://doi.org/10.1017/s0022226717000044}}

@article{irwin19tlr,
	Author = {Patricia Irwin},
	Date-Modified = {2020-05-25 15:31:25 +0100},
	Doi = {10.1515/tlr-2019-2021},
	Journal = {The Linguistic Review},
	Number = {3},
	Pages = {343--363},
	Title = {How do you smile along a path? {Bodies} and the semantic content of unergative roots},
	Volume = {36},
	Year = {2019},
	Bdsk-Url-1 = {https://doi.org/10.1515/tlr-2019-2021}}

@article{inkelas93,
	Author = {Sharon Inkelas},
	Journal = {Natural Language \& Linguistic Theory},
	Pages = {559--624},
	Title = {{Nimboran} position class morphology},
	Volume = {11},
	Year = {1993}}

@incollection{hyman03,
	Address = {Dordrecht},
	Author = {Hyman, Larry M.},
	Date-Modified = {2020-05-25 15:30:38 +0100},
	Editor = {Geert Booij and van Marle, Jaap},
	Journal = {Yearbook of Morphology 2002},
	Pages = {245--281},
	Publisher = {Springer},
	Title = {Suffix ordering in {Bantu}: {A} morphocentric approach},
	Year = {2003}}

@article{horvathsiloni09,
	Author = {Julia Horvath and Tal Siloni},
	Date-Modified = {2020-05-25 15:30:19 +0100},
	Journal = {Brill's Annual of {Afroasiatic} Languages and Linguistics},
	Pages = {283--310},
	Title = {{Hebrew} Idioms: {The} organization of the lexical Component},
	Volume = {1},
	Year = {2009}}

@article{horvath81,
	Author = {Horvath, Julia},
	Booktitle = {Extended Word-and-Paradigm Theory},
	Date-Modified = {2020-05-25 15:30:03 +0100},
	Editor = {Thomas-Finders, T.},
	Journal = {UCLA Occasional Papers in Linguistics},
	Pages = {228--261},
	Title = {On the status of vowel patterns in {Modern} {Hebrew}: {Morphological} rules and lexical representation},
	Volume = {4},
	Year = {1981}}

@article{higginbotham85,
	Author = {James Higginbotham},
	Journal = {Linguistic Inquiry},
	Number = {4},
	Pages = {547--593},
	Title = {On Semantics},
	Volume = {16},
	Year = {1985}}

@article{henderson17nllt,
	Author = {Robert Henderson},
	Date-Modified = {2020-05-25 15:29:40 +0100},
	Journal = {Natural Language \& Linguistic Theory},
	Number = {1},
	Pages = {161--203},
	Title = {Swarms: {Spatiotemporal} grouping across domains},
	Volume = {35},
	Year = {2017}}

@article{hazout95,
	Author = {Ilan Hazout},
	Journal = {Natural Language \& Linguistic Theory},
	Pages = {355--404},
	Title = {Action Nominalizations and the Lexicalist Hypothesis},
	Volume = {13},
	Year = {1995}}

@article{havronarnon17jcl,
	Author = {Naomi Havron and Inbal Arnon},
	Date-Modified = {2020-05-25 15:28:06 +0100},
	Journal = {Journal of Child Language},
	Pages = {1516--1538},
	Title = {Minding the gaps: {Literacy} enhances lexical segmentation in children learning to read},
	Volume = {44},
	Year = {2017}}

@article{harveskayne12,
	Author = {Stephanie Harves and Richard S. Kayne},
	Date-Modified = {2020-05-25 15:27:48 +0100},
	Journal = {Linguist Inquiry},
	Number = {1},
	Pages = {120--132},
	Title = {Having `need' and needing `have'},
	Volume = {43},
	Year = {2012}}

@article{harris41,
	Author = {Harris, Zellig},
	Journal = {Journal of the American Oriental Society},
	Pages = {143--167},
	Title = {Linguistic structure of {Hebrew}},
	Volume = {62},
	Year = {1941}}

@article{harley14thlib,
	Author = {Heidi Harley},
	Date-Modified = {2020-05-25 15:26:33 +0100},
	Journal = {Theoretical Linguistics},
	Number = {3/4},
	Pages = {447--474},
	Title = {Reply to commentaries, ``{On} the identity of roots''},
	Volume = {40},
	Year = {2014}}

@article{harley14thlia,
	Author = {Heidi Harley},
	Journal = {Theoretical Linguistics},
	Number = {3/4},
	Pages = {225--276},
	Title = {On the Identity of Roots},
	Volume = {40},
	Year = {2014}}

@article{harley13lingua,
	Author = {Heidi Harley},
	Date-Modified = {2020-05-25 15:26:14 +0100},
	Journal = {Lingua},
	Pages = {34--57},
	Title = {External arguments and the {Mirror} {Principle}: {On} the distinctness of {Voice} and v},
	Volume = {125},
	Year = {2013}}

@article{harbour14,
	Author = {Daniel Harbour},
	Doi = {10.1353/lan.2014.0003},
	Journal = {Language},
	Number = {1},
	Pages = {185--229},
	Title = {Paucity, abundance, and the theory of number},
	Volume = {90},
	Year = {2014},
	Bdsk-Url-1 = {https://doi.org/10.1353/lan.2014.0003}}

@article{harbour11,
	Author = {Daniel Harbour},
	Journal = {Linguistic Inquiry},
	Number = {4},
	Pages = {561--594},
	Title = {Valence and Atomic Number},
	Volume = {42},
	Year = {2011}}

@article{harbour08,
	Author = {Daniel Harbour},
	Journal = {Morphology},
	Pages = {75--92},
	Title = {On homophony and methodology in morphology},
	Volume = {18},
	Year = {2008}}

@article{harbour03,
	Author = {Daniel Harbour},
	Journal = {Natural Language \& Linguistic Theory},
	Pages = {543--578},
	Title = {The {Kiowa} Case for Feature Insertion},
	Volume = {21},
	Year = {2003}}

@article{grestenberger18,
	Author = {Laura Grestenberger},
	Journal = {Language},
	Number = {3},
	Pages = {487--526},
	Title = {Deponency in finite and non-finite contexts},
	Volume = {94},
	Year = {2018}}

@article{greenberg10,
	Author = {Yael Greenberg},
	Date-Modified = {2020-05-25 15:25:34 +0100},
	Journal = {Brill's Annual of Afroasiatic Languages and Linguistics},
	Number = {1},
	Pages = {119--164},
	Title = {Event Internal Pluractionality in {Modern} {Hebrew}: {A} Semantic Analysis of One Verbal Reduplication Pattern},
	Volume = {2},
	Year = {2010}}

@article{gouskovaetal15,
	Author = {Gouskova, Maria and Newlin-Łukowicz, Luiza and Sofya Kasyanenko},
	Journal = {Lingua},
	Pages = {41--81},
	Sortname = {Gouskova, Maria and Newlin-Łukowicz, Luiza and Sofya Kasyanenko},
	Title = {Selectional restrictions as phonotactics over sublexicons},
	Volume = {167},
	Year = {2015}}

@article{gouskova19jsl,
	Author = {Maria Gouskova},
	Date-Modified = {2020-05-25 15:23:48 +0100},
	Journal = {Journal of Slavic Linguistics},
	Number = {2},
	Pages = {161--211},
	Title = {Phonological words in the syntax and the lexicon: {A} study of {Russian} prepositions},
	Volume = {27},
	Year = {2019}}

@article{gouskova12nllt,
	Author = {Maria Gouskova},
	Journal = {Natural Language \& Linguistic Theory},
	Pages = {79--133},
	Title = {Unexceptional segments},
	Volume = {30},
	Year = {2012}}

@article{gehrkemarco14,
	Author = {Berit Gehrke and Cristina Marco},
	Date-Modified = {2020-05-25 15:23:17 +0100},
	Journal = {Lingua},
	Pages = {188--214},
	Title = {Different \emph{by}-phrases with adjectival and verbal passives: {Evidence} from {Spanish} corpus data},
	Volume = {149},
	Year = {2014}}

@article{gafter14li,
	Author = {Roey Gafter},
	Date-Modified = {2020-05-25 15:22:53 +0100},
	Journal = {Linguistic Inquiry},
	Number = {3},
	Pages = {482--500},
	Title = {The Distribution of the {Hebrew} Possessive Dative Construction: {Guided} by unaccusativity or prominence?},
	Volume = {45},
	Year = {2014}}

@article{frostetal97,
	Author = {Ram Frost and Forster, Kenneth I. and Avital Deutsch},
	Date-Modified = {2020-05-25 15:22:24 +0100},
	Journal = {Journal of Experimental Psychology: Learning, Memory, and Cognition},
	Number = {4},
	Pages = {829--856},
	Title = {What Can We Learn From the Morphology of {Hebrew}? {A} Masked-Priming Investigation of Morphological Representation},
	Volume = {23},
	Year = {1997}}

@article{folliharley08,
	Author = {Folli, Raffaella and Harley, Heidi},
	Journal = {Lingua},
	Pages = {190--202},
	Title = {Teleology and animacy in external arguments},
	Volume = {118},
	Year = {2008}}

@article{fodor70,
	Author = {Jerry Fodor},
	Date-Modified = {2020-05-25 15:22:10 +0100},
	Journal = {Linguistic Inquiry},
	Pages = {35--56},
	Title = {Three reasons for not deriving ``Kill'' from ``Cause to Die''},
	Volume = {16},
	Year = {1970}}

@article{fmdpmetal05jml,
	Author = {Moscoso del Prado Martín, Fermín and Avital Deutsch and Ram Frost and Robert Schreuder and De Jong, Nivja H. and Baayen, R. Harald},
	Date-Modified = {2020-05-25 15:41:39 +0100},
	Journal = {Journal of Memory and Language},
	Pages = {496--512},
	Sortname = {Moscoso del Prado Martin, Fermin and Avital Deutsch and Ram Frost and Robert Schreuder and De Jong, Nivja H. and Baayen, R. Harald},
	Title = {Changing places: {A} cross-language perspective on frequency and family size in {Dutch} and {Hebrew}},
	Volume = {53},
	Year = {2005}}

@article{fausthever10,
	Author = {Noam Faust and Ya'ar Hever},
	Journal = {Brill's Annual of Afroasiatic Languages and Linguistics},
	Pages = {80--118},
	Sortname = {Noam Faust and Ya'ar Hever},
	Title = {Empirical and Theoretical Arguments in Favor of the Discontinuous Root in {Semitic} Languages},
	Volume = {20},
	Year = {2010}}

@article{faust19,
	Author = {Noam Faust},
	Doi = {10.1515/tlr-2019-2030},
	Journal = {The Linguistic Review},
	Number = {3},
	Pages = {575--599},
	Title = {New reasons to root for the {Semitic} root from {Mehri} and {Neo}-{Aramaic}},
	Volume = {36},
	Year = {2019},
	Bdsk-Url-1 = {https://doi.org/10.1515/tlr-2019-2030}}

@article{faust18gjgl,
	Author = {Noam Faust},
	Date-Modified = {2020-05-25 16:06:18 +0100},
	Doi = {10.5334/gjgl.228},
	Journal = {Glossa: {A} Journal of General Linguistics},
	Number = {1},
	Title = {Exponence, allomorphy and haplology in the number and State morphology of {Modern} {Hebrew}},
	Volume = {3},
	Year = {2018},
	Bdsk-Url-1 = {https://doi.org/10.5334/gjgl.228}}

@article{faust16,
	Author = {Noam Faust},
	Journal = {Morphology},
	Number = {3},
	Pages = {379--397},
	Title = {Weak radicals, weak suppletion, and phonological indices in {Semitic}},
	Volume = {26},
	Year = {2016}}

@article{faust12,
	Author = {Noam Faust},
	Journal = {Morphology},
	Number = {4},
	Pages = {453--484},
	Title = {Non-concatenative realization in the verbal inflection of {Modern} {Hebrew}},
	Volume = {22},
	Year = {2012}}

@article{farkas88,
	Author = {Farkas, Donka},
	Journal = {Linguistics and Philosophy},
	Pages = {27--58},
	Title = {On Obligatory Control},
	Volume = {11},
	Year = {1988}}

@article{enguehardfaust18,
	Author = {Guillaume Enguehard and Noam Faust},
	Journal = {Linguistic Inquiry},
	Number = {4},
	Pages = {685--721},
	Title = {Guttural Ghosts in {Modern} {Hebrew}},
	Volume = {49},
	Year = {2018}}

@article{engelhardt00,
	Author = {Miriam Engelhardt},
	Journal = {Natural Language \& Linguistic Theory},
	Pages = {41--88},
	Title = {The Projection of Argument-Taking Nominals},
	Volume = {18},
	Year = {2000}}

@article{embicknoyer01,
	Author = {Embick, David and Noyer, Rolf},
	Journal = {Linguistic Inquiry},
	Number = {4},
	Pages = {555--595},
	Title = {Movement Operations after Syntax},
	Volume = {32},
	Year = {2001}}

@article{embick04li,
	Author = {David Embick},
	Journal = {Linguistic Inquiry},
	Number = {3},
	Pages = {355--392},
	Title = {On the Structure of Resultative Participles in {English}},
	Volume = {35},
	Year = {2004}}

@article{dowty91,
	Author = {Dowty, David},
	Journal = {Language},
	Pages = {547--619},
	Title = {Thematic Proto-Roles and Argument Selection},
	Volume = {67},
	Year = {1991}}

@article{doron03,
	Author = {Edit Doron},
	Date-Modified = {2020-05-25 15:19:06 +0100},
	Doi = {10.1023/A:1023021423453},
	Journal = {Natural Language Semantics},
	Pages = {1--67},
	Title = {Agency and Voice: {The} Semantics of the {Semitic} Templates},
	Volume = {11},
	Year = {2003},
	Bdsk-Url-1 = {https://doi.org/10.1023/A:1023021423453}}

@article{doron00,
	Author = {Edit Doron},
	Journal = {\emph{Balshanut Ivrit} [Hebrew Linguistics]},
	Pages = {39--62},
	Title = {\emph{habeynoni hasavil} [The passive participle]},
	Volume = {47},
	Year = {2000}}

@article{deutschkuperman18,
	Author = {Avital Deutsch and Victor Kuperman},
	Doi = {10.1080/23273798.2018.1513541},
	Journal = {Language, Cognition and Neuroscience},
	Number = {1},
	Pages = {87--100},
	Title = {Formal and semantic effects of morphological families on word recognition in {Hebrew}},
	Volume = {34},
	Year = {2018},
	Bdsk-Url-1 = {https://doi.org/10.1080/23273798.2018.1513541}}

@article{deutschetal16,
	Author = {Avital Deutsch and Hadas Velan and Tamar Michaly},
	Date-Modified = {2020-05-25 15:18:52 +0100},
	Doi = {10.1080/17470218.2016.1250788},
	Journal = {The Quarterly Journal of Experimental Psychology},
	Number = {1},
	Pages = {85--92},
	Title = {Decomposition in a non-concatenated morphological structure involves more than just the roots: {Evidence} from fast priming},
	Volume = {71},
	Year = {2016},
	Bdsk-Url-1 = {https://doi.org/10.1080/17470218.2016.1250788}}

@article{deutsch16,
	Author = {Avital Deutsch},
	Date-Modified = {2020-05-25 15:17:50 +0100},
	Journal = {Journal of Psycholinguistic Research},
	Pages = {1--28},
	Title = {The Separability of Morphological Processes from Semantic Meaning and Syntactic Class in Production of Single Words: {Evidence} from the {Hebrew} Root Morpheme},
	Volume = {45},
	Year = {2016}}

@article{dendikken10,
	Author = {Den Dikken, Marcel.},
	Journal = {Catalan Journal of Linguistics},
	Pages = {23--53},
	Title = {Directions from the {GET}-{GO}},
	Volume = {9},
	Year = {2010}}

@article{deal19li,
	Author = {Deal, Amy Rose},
	Date-Modified = {2020-05-25 15:14:49 +0100},
	Doi = {10.1162/ling_a_00310},
	Journal = {Linguistic Inquiry},
	Number = {2},
	Pages = {388--415},
	Title = {Raising to Ergative: {Remarks} on Applicatives of Unaccusatives},
	Volume = {50},
	Year = {2019},
	Bdsk-Url-1 = {https://doi.org/10.1162/ling_a_00310}}

@article{danon01,
	Author = {Gabi Danon},
	Journal = {Linguistics},
	Number = {6},
	Pages = {1071--1116},
	Title = {Syntactic definiteness in the grammar of {Modern {Hebrew}}},
	Volume = {39},
	Year = {2001}}

@article{cuervo14,
	Author = {Cuervo, Mar\'ıa Cristina},
	Journal = {Lingua},
	Pages = {48--70},
	Sortname = {Cuervo, Mar\'ıa Cristina},
	Title = {Alternating unaccusatives and the distribution of roots},
	Volume = {141},
	Year = {2014}}

@article{colesridhar77,
	Author = {Peter Cole and Sridhar, S. N.},
	Date-Modified = {2020-05-25 15:14:28 +0100},
	Journal = {Linguistic Inquiry},
	Number = {4},
	Pages = {700--713},
	Title = {Clause Union and {Relational} {Grammar}: {Evidence} from {Hebrew} and {Kannada}},
	Volume = {8},
	Year = {1977}}

@article{choiharley19,
	Author = {Jaehoon Choi and Heidi Harley},
	Date-Modified = {2020-05-25 15:13:32 +0100},
	Journal = {Natural Language \& Linguistic Theory},
	Pages = {1319--1365},
	Title = {Locality domains and morphological rules: {Phases}, heads, node-sprouting and suppletion in {Korean} honorification},
	Volume = {37},
	Year = {2019}}

@article{bruening14nllt,
	Author = {Benjamin Bruening},
	Date-Modified = {2020-05-25 15:13:13 +0100},
	Journal = {Natural Language \& Linguistic Theory},
	Number = {2},
	Pages = {363--422},
	Title = {Word Formation is Syntactic: {Adjectival} Passives in {English}},
	Volume = {32},
	Year = {2014}}

@article{bruening13,
	Author = {Benjamin Bruening},
	Journal = {Syntax},
	Pages = {1--41},
	Title = {\textit{By} Phrases in Passives and Nominals},
	Volume = {16},
	Year = {2013}}

@article{brice16,
	Author = {Henry Brice},
	Date-Modified = {2020-05-25 15:12:32 +0100},
	Journal = {Morphology},
	Pages = {159--177},
	Title = {The root and word distinction: {An} experimental study of {Hebrew} denominal verbs},
	Volume = {27},
	Year = {2016}}

@article{bowers93,
	Author = {John Bowers},
	Journal = {Linguistic Inquiry},
	Pages = {591--656},
	Title = {The syntax of predication},
	Volume = {24},
	Year = {1993}}

@article{borer95,
	Author = {Hagit Borer},
	Journal = {Natural Language \& Linguistic Theory},
	Number = {3},
	Pages = {527--606},
	Title = {The Ups and Downs of {Hebrew} Verb Movement},
	Volume = {13},
	Year = {1995}}

@article{borer91,
	Author = {Borer, Hagit},
	Date-Modified = {2020-05-25 15:11:38 +0100},
	Journal = {The Linguistic Review},
	Pages = {119--158},
	Title = {The causative-inchoative alternation: {A} case study in {Parallel} {Morphology}},
	Volume = {8},
	Year = {1991}}

@article{borer14thli,
	Author = {Hagit Borer},
	Issue = {3/4},
	Journal = {The Linguistic Review},
	Pages = {343--359},
	Title = {Wherefore roots?},
	Volume = {40},
	Year = {2014}}

@article{borer14lingua,
	Author = {Hagit Borer},
	Journal = {Lingua},
	Pages = {71--96},
	Title = {Derived nominals and the domain of content},
	Volume = {141},
	Year = {2014}}

@article{bonehnash17,
	Author = {Nora Boneh and Léa Nash},
	Doi = {10.1007/s11049-017-9360-5},
	Journal = {Natural Language \& Linguistic Theory},
	Number = {4},
	Pages = {899--953},
	Sortname = {Nora Boneh and Lea Nash},
	Title = {The syntax and semantics of dative {DPs} in {Russian} ditransitives},
	Volume = {35},
	Year = {2017},
	Bdsk-Url-1 = {https://doi.org/10.1007/s11049-017-9360-5}}

@article{bolozky78,
	Author = {Bolozky, Shmuel},
	Date-Modified = {2020-05-25 15:10:30 +0100},
	Journal = {Afroasiatic Linguistics},
	Pages = {1--26},
	Title = {Word formation processes in the {Hebrew} verb system: {Denominative} verbs},
	Volume = {5},
	Year = {1978}}

@article{bittner99,
	Author = {Maria Bittner},
	Doi = {10.1023/a:1008313608525},
	Journal = {Natural Language Semantics},
	Number = {1},
	Pages = {1--78},
	Title = {Concealed Causatives},
	Volume = {7},
	Year = {1999},
	Bdsk-Url-1 = {https://doi.org/10.1023/a:1008313608525}}

@article{berman93jcl,
	Author = {Ruth Berman},
	Doi = {10.1017/S0305000900008527},
	Journal = {Journal of Child Language},
	Pages = {1--28},
	Title = {Marking of verb transitivity by {Hebrew} speaking children},
	Volume = {20},
	Year = {1993},
	Bdsk-Url-1 = {https://doi.org/10.1017/S0305000900008527}}

@article{berman82,
	Author = {Ruth Berman},
	Date-Modified = {2020-05-25 15:07:41 +0100},
	Doi = {10.1017/S030500090000369X},
	Journal = {Journal of Child Language},
	Pages = {169--191},
	Title = {Verb-pattern alternation: {The} interface of morphology, syntax and semantics in {Hebrew}},
	Volume = {9},
	Year = {1982},
	Bdsk-Url-1 = {https://doi.org/10.1017/S030500090000369X}}

@article{bellettirizzi88,
	Author = {Belletti, Adriana and Luigi Rizzi},
	Journal = {Natural Language \& Linguistic Theory},
	Pages = {291--352},
	Title = {Psych Verbs and Theta-theory},
	Volume = {6},
	Year = {1988}}

@article{bejarrezac09,
	Author = {Susana Béjar and Milan Rezac},
	Journal = {Linguistic Inquiry},
	Number = {1},
	Pages = {35--73},
	Sortname = {Susana Bejar and Milan Rezac},
	Title = {Cyclic {Agree}},
	Volume = {40},
	Year = {2009}}

@article{beaverskoontzgarboden12,
	Author = {Beavers, John and Koontz-Garboden, Andrew},
	Journal = {Linguistic Inquiry},
	Number = {3},
	Pages = {331--369},
	Title = {Manner and Result in the Roots of Verbal Meaning},
	Volume = {43},
	Year = {2012}}

@article{batel94,
	Author = {Bat-El, Outi},
	Doi = {10.1007/BF00992928},
	Journal = {Natural Language \& Linguistic Theory},
	Pages = {571--596},
	Title = {Stem modification and cluster transfer in {Modern} {Hebrew}},
	Volume = {12},
	Year = {1994},
	Bdsk-Url-1 = {https://doi.org/10.1007/BF00992928}}

@article{batel03,
	Author = {Bat-El, Outi},
	Journal = {Recherches Linguistiques de Vincennes},
	Pages = {31--60},
	Title = {The fate of the consonantal root and the binyan in {Optimality} {Theory}},
	Volume = {32},
	Year = {2003}}

@article{batel02lang,
	Author = {Bat-El, Outi},
	Journal = {Language},
	Pages = {651--683},
	Title = {True truncation in colloquial {Hebrew} imperatives},
	Volume = {78},
	Year = {2002}}

@article{bakeretal89,
	Author = {Mark Baker and Kyle Johnson and Ian Roberts},
	Journal = {Linguistic Inquiry},
	Number = {2},
	Pages = {219--251},
	Title = {Passive Arguments Raised},
	Volume = {20},
	Year = {1989}}

@article{baker85,
	Author = {Baker, Mark},
	Journal = {Linguistic Inquiry},
	Number = {3},
	Pages = {373--415},
	Title = {The Mirror Principle and Morphosyntactic Explanation},
	Volume = {16},
	Year = {1985}}

@article{ashkenazietal16,
	Author = {Orit Ashkenazi and Dorit Ravid and Steven Gillis},
	Date-Modified = {2020-05-25 14:56:43 +0100},
	Doi = {10.1177/0142723716648865},
	Journal = {First Language},
	Number = {5},
	Pages = {505--524},
	Title = {Breaking into the {Hebrew} verb system: {A} learning problem},
	Volume = {36},
	Year = {2016},
	Bdsk-Url-1 = {https://doi.org/10.1177/0142723716648865}}

@article{aronoff07,
	Author = {Mark Aronoff},
	Journal = {Language},
	Number = {4},
	Pages = {803--830},
	Title = {In the Beginning was the Word},
	Volume = {83},
	Year = {2007}}

@article{arieletal15,
	Author = {Mira Ariel and Elitzur Dattner and Du Bois, John W. and Tal Linzen},
	Date-Modified = {2020-05-25 14:56:26 +0100},
	Journal = {Studies in Language},
	Number = {2},
	Pages = {257--321},
	Title = {Pronominal datives: {The} royal road to argument status},
	Volume = {39},
	Year = {2015}}

@article{arad03,
	Author = {Maya Arad},
	Date-Modified = {2020-05-25 14:56:17 +0100},
	Journal = {Natural Language \& Linguistic Theory},
	Pages = {737--778},
	Title = {Locality Constraints on the Interpretation of Roots: {The} Case of {Hebrew} Denominal Verbs},
	Volume = {21},
	Year = {2003}}

@article{anagnostopoulou14thli,
	Author = {Elena Anagnostopoulou},
	Journal = {Theoretical Linguistics},
	Number = {3/4},
	Pages = {299--310},
	Title = {Roots and domains},
	Volume = {40},
	Year = {2014}}

@article{alkaabintelitheos19,
	Author = {Al Kaabi, Meera and Dimitrios Ntelitheos},
	Date-Modified = {2020-05-25 15:03:27 +0100},
	Doi = {10.5334/gjgl.428},
	Issue = {132},
	Journal = {Glossa: {A} Journal of General Linguistics},
	Number = {1},
	Title = {Rethinking templates: {A} syntactic analysis of verbal morphology in {Emirati} {Arabic}},
	Volume = {4},
	Year = {2019},
	Bdsk-Url-1 = {https://doi.org/10.5334/gjgl.428}}

@article{alexiadouetal14,
	Author = {Artemis Alexiadou and Berit Gehrke and Florian Schäfer},
	Journal = {Lingua},
	Pages = {118--138},
	Sortname = {Artemis Alexiadou and Berit Gehrke and Florian Schafer},
	Title = {The argument structure of adjectival participles revisited},
	Volume = {149},
	Year = {2014}}

@article{alexiadouetal13jcgl,
	Author = {Artemis Alexiadou and Gianina Iordăchioaia and Mariángeles Cano and Fabienne Martin and Florian Schäfer},
	Doi = {10.1007/s10828-014-9062-x},
	Journal = {The Journal of Comparative Germanic Linguistics},
	Month = {oct},
	Number = {2/3},
	Pages = {73--95},
	Sortname = {Artemis Alexiadou and Gianina Iordachioaia and Mariangeles Cano and Fabienne Martin and Florian Schafer},
	Title = {The realization of external arguments in nominalizations},
	Volume = {16},
	Year = {2013},
	Bdsk-Url-1 = {https://doi.org/10.1007/s10828-014-9062-x}}

@article{alexiadoudoron12,
	Author = {Artemis Alexiadou and Edit Doron},
	Date-Modified = {2020-05-25 14:33:59 +0100},
	Journal = {Journal of Linguistics},
	Pages = {1--34},
	Title = {The syntactic construction of two non-active {Voices}: {Passive} and middle},
	Volume = {48},
	Year = {2012}}

@article{alexiadou10b,
	Author = {Artemis Alexiadou},
	Date-Modified = {2020-05-25 14:32:47 +0100},
	Journal = {Language and Linguistics Compass},
	Number = {7},
	Pages = {512--523},
	Title = {Nominalizations: {A} Probe into the Architecture of Grammar. {Part} {II}: {The} Aspectual Properties of Nominalizations, and the Lexicon vs.~Syntax Debate},
	Volume = {4},
	Year = {2010}}
