@article{sandeetal20,
	Author = {Sande, Hannah and Jenks, Peter and Inkelas, Sharon},
	Date-Added = {2020-04-12 17:06:55 +0100},
	Date-Modified = {2020-04-12 17:07:19 +0100},
	Doi = {10.1007/s11049-020-09467-x},
	Journal = {Natural Language and Linguistic Theory},
	Title = {Cophonologies by Ph(r)ase},
	Year = {2020},
	Bdsk-Url-1 = {http://dx.doi.org/10.1007/s11049-020-09467-x}}

@unpublished{wood20oup,
	author = {Jim Wood},
	note = {Ms., Yale},
	title = {Icelandic nominalizations and allosemy},
	year = {2020}
}

@article{tyler19,
	author = {Matthew Tyler},
	journal = {Syntax}
	title = {Two kinds of external possession in {Mississippi} {Choctaw}},
	year = {To appear}
}

@unpublished{shlonsky89,
	author = {Ur Shlonsky},
	note = {Ms., University of {Haifa}},
	title = {The Hierarchical Representation of Subject Verb Agreement},
	year = {1989}
}

@unpublished{oseki17nyu,
	author = {Yohei Oseki},
	note = {Ms., NYU. lingbuzz/003374},
	title = {Voice morphology in {Japanese} transitivity alternations},
	year = {2017}
}

@unpublished{nie17,
	author = {Yining Nie},
	note = {Ms., NYU. lingbuzz/003750},
	title = {Voice morphology and the features of transitivity},
	year = {2017}
}

@unpublished{koopman97,
	author = {Koopman, Hilda},
	note = {Ms., {UCLA}},
	title = {Prepositions, postpositions, circumpositions and particles: The structure of {Dutch} {PPs}},
	year = {1997}
}

@unpublished{koopman15u20,
	author = {Hilda Koopman},
	note = {Ms., {UCLA}},
	title = {Generalized {U20} and Morpheme order},
	year = {2015}
}

@unpublished{katie13,
	author = {Katherine Wallace},
	note = {Ms., NYU. lingbuzz/002299},
	title = {A Concatenative Approach to {Semitic} Templatic Morphology},
	year = {2013}
}

@unpublished{kalin18,
	author = {Laura Kalin},
	note = {Ms., Princeton. lingbuzz/004258},
	title = {Morphology before phonology: A case study of {Turoyo} ({Neo}-{Aramaic})},
	year = {2018}
}

@unpublished{gouskovabobaljik20cup,
	author = {Maria Gouskova and Bobaljik, Jonathan D.},
	note = {Ms., NYU and Harvard},
	title = {Allomorphy and Vocabulary Insertion},
	year = {Submitted}
}

@unpublished{dendikken03,
	author = {Den Dikken, Marcel},
	note = {Ms., CUNY},
	title = {On the syntax of locative and directional adpositional phrases},
	year = {2003}
}

@unpublished{akkus19jl,
	author = {Faruk Akkus},
	note = {Ms., UPenn. lingbuzz/004341},
	title = {Variable embedded agent in {Sason} {Arabic}},
	year = {2019}
}

@incollection{ahdout18nom,
	author = {Odelia Ahdout},
	booktitle = {Perspectives on Causation},
	editor = {Elitzur Bar-Asher Siegal and Nora Boneh},
	title = {Agent Exclusivity Effects in {Hebrew} Nominalizations},
	publisher = {Springer},
	address = {Dordrecht},
	year = {To appear}
}

@phdthesis{zu18phd,
	address = {New York, NY},
	author = {Vera Zu},
	institution = {New York University},
	note = {lingbuzz/003884},
	title = {Discourse Participants and the Structural Representation of the Context},
	year = {2018}
}

@phdthesis{wood12phd,
	address = {New York, NY},
	author = {Jim Wood},
	school = {New York University},
	title = {Icelandic Morphosyntax and Argument Structure},
	year = {2012}
}

@phdthesis{winchester19phd,
	address = {Washington, DC},
	author = {Lindley Winchester},
	school = {Georgetown University},
	title = {The {Morphosyntax} of the {Maltese} Determiner Phrase},
	year = {2019}
}

@phdthesis{volpe05,
	address = {Stony Brook, NY},
	author = {Volpe, Mark Joseph},
	school = {Stony Brook University},
	title = {Japanese Morphology and its theoretical consequences: Derivational morphology in {Distributed} {Morphology}},
	year = {2005}
}

@phdthesis{ussishkin00phd,
	address = {Santa Cruz, CA},
	author = {Adam Ussishkin},
	school = {University of California, Santa Cruz},
	title = {The Emergence of Fixed Prosody},
	year = {2000}
}

@phdthesis{teng07,
	author = {Teng, Stacy Fang-Ching},
	institution = {Australian National University},
	school = {Australian National University},
	title = {A Reference Grammar of {Puyuma}, an {Austronesian} language of {Taiwan}},
	year = {2007}
}

@phdthesis{shlonsky87,
	address = {Cambridge, MA},
	author = {Ur Shlonsky},
	school = {Massachusetts Institute of Technology},
	title = {Null and displaced pronouns},
	year = {1987}
}

@phdthesis{rood17phd,
	address = {Washington, DC},
	author = {Rood, Morgan},
	school = {Georgetown University},
	title = {The Morphosyntax of Pronominal Possessors and Diminutives in {Mehri}},
	year = {2017}
}

@phdthesis{rimell12,
	author = {Laura Rimell},
	school = {New York University},
	title = {Nominal Roots as Event Predicates in {English} Denominal Conversion Verbs},
	year = {2012}
}

@phdthesis{quinn06phd,
	address = {Cambridge, MA},
	author = {Conor Quinn},
	school = {Harvard University},
	title = {Referential-Access Dependency in {Penobscot}},
	year = {2006}
}

@phdthesis{nishiyama98,
	author = {Nishiyama, Kunio},
	school = {Cornell University},
	title = {The Morphosyntax and Morphophonology of {Japanese} Predicates},
	year = {1998}
}

@phdthesis{laks11,
	address = {Tel-Aviv},
	author = {Laks, Lior},
	school = {Tel Aviv University},
	title = {Morpho-phonological and Morpho-thematic Relations in {Hebrew} and {Arabic} Verb Formation},
	year = {2011}
}

@phdthesis{kastner16phd,
	address = {New York, NY},
	author = {Itamar Kastner},
	note = {lingbuzz/003028},
	school = {New York University},
	title = {Form and Meaning in the {Hebrew} Verb},
	year = {2016}
}

@phdthesis{jjmcc79,
	author = {John J. McCarthy},
	school = {Massachusetts Institute of Technology},
	title = {Formal Problems in {Semitic} Phonology and Morphology},
	year = {1979}
}

@phdthesis{hirsch18phd,
	address = {Berlin},
	author = {Nils Hirsch},
	doi = {10.18452/19574},
	school = {Humboldt-Universität zu Berlin},
	title = {German psych-verbs: Insights from a decompositional perspective},
	year = {2018}
}

@phdthesis{henderson12phd,
	address = {Santa Cruz, CA},
	author = {Henderson, Robert},
	school = {University of California, Santa Cruz},
	title = {Ways of pluralizing events},
	year = {2012}
}

@phdthesis{gehrke08phd,
	address = {Utrecht},
	author = {Gehrke, Berit},
	school = {Utrecht University},
	title = {Ps in motion: On the semantics and syntax of {P} elements and motion verbs},
	year = {2008}
}

@phdthesis{gafter14phd,
	address = {Stanford, CA},
	author = {Roey Gafter},
	school = {Stanford University},
	title = {{``}{The} most beautiful and correct {Hebrew}'': Authenticity, ethnic identity and linguistic variation in the greater {Tel} {Aviv} area},
	year = {2014}
}

@phdthesis{bonet91,
	address = {Cambridge, MA},
	author = {Eulalia Bonet},
	school = {Massachusetts Institute of Technology},
	title = {Morphology after syntax: Pronominal clitics in {Romance}},
	year = {1991}
}

@phdthesis{batel89,
	author = {Bat-El, Outi},
	school = {UCLA},
	title = {Phonology and Word Structure},
	year = {1989}
}

@phdthesis{baier18phd,
	author = {Nicholas Baier},
	institution = {University of California, Berkeley},
	school = {University of California, Berkeley},
	title = {Anti-Agreement},
	year = {2018}
}

@phdthesis{ahn15phd,
	address = {Los Angeles, CA},
	author = {Byron Ahn},
	school = {University of California, Los Angeles},
	title = {Giving Reflexivity a Voice: Twin Reflexives in {English}},
	year = {2015}
}

@phdthesis{ahdout19phd,
	address = {Berlin},
	author = {Odelia Ahdout},
	institution = {Humboldt-Universität zu Berlin},
	school = {Humboldt-Universität zu Berlin},
	title = {Nominalizations in {Hebrew} and Beyond},
	year = {In prep}
}

@phdthesis{adam02,
	address = {Tel Aviv},
	author = {Adam, Galit},
	school = {Tel Aviv University},
	title = {From variable to optimal grammar: Evidence from language acquisition and language change},
	year = {2002}
}

@mastersthesis{trachtman16,
	address = {Haifa},
	author = {Einat Trachtman},
	school = {University of Haifa},
	title = {\emph{ha-gorem le-alternatsiot be-hafakat ha-tnu'a be-he ha-binjan be-tsurut he-'avar Sel binjan hif'il} [The source of alternations in the production of the vowel on -h- in the past tense of hi{XY}iZ]},
	year = {2016}
}

@mastersthesis{oltramassuet99,
	address = {Cambridge, MA},
	author = {Oltra Massuet, Isabel},
	school = {Massachusetts Institute of Technology},
	title = {On the Notion of Theme Vowel: A New Approach to {Catalan} Verbal Morphology},
	year = {1999}
}

@mastersthesis{lev16,
	address = {Tel-Aviv},
	author = {Shaul Lev},
	school = {Tel Aviv University},
	title = {Hebrew Labile Alternation},
	year = {2016}
}

@mastersthesis{ehrenfeld12,
	address = {Jerusalem},
	author = {Lior Ehrenfeld},
	school = {Hebrew University of Jerusalem},
	title = {The Morphology of the {Hebrew} Causative Alternation},
	year = {2012}
}

@mastersthesis{chomsky51,
	address = {Philadelphia, PA},
	author = {Chomsky, Noam},
	school = {University of Pennsylvania},
	title = {Morphophonemics of {Modern} {Hebrew}},
	year = {1951}
}

@inproceedings{wood19lsa,
	address = {New York, NY},
	author = {Jim Wood},
	booktitle = {Annual meeting of the {Linguistic Society of America} ({LSA} 93)},
	title = {High attachment for arguments of nominalizations},
	year = {2019}
}

@inproceedings{tucker15roots,
	author = {Tucker, Matthew A.},
	booktitle = {Roots {IV}, {New} {York} {University}},
	title = {Your roots are showing: On root-sensitive allomorphy in {Arabic}},
	year = {2015}
}

@inproceedings{spathas17debrecen,
	author = {Spathas, Giorgos},
	booktitle = {Debrecen Workshop on Pronouns},
	title = {On the semantic non-uniformity of reflexive anaphors},
	year = {2017}
}

@inproceedings{spathas17camvoice,
	author = {Giorgos Spathas},
	booktitle = {Cambridge Workshop on Voice},
	title = {No designated {Voice} for {English} reflexive anaphors},
	year = {2017}
}

@inproceedings{ko09afla,
	author = {Seongyeon Ko},
	booktitle = {Proceedings of {AFLA} 16},
	pages = {93--107},
	title = {Two Types of Anticausatives in {Acehnese}},
	year = {2009}
}

@inproceedings{hayetal99,
	author = {Hay, Jennifer and Christopher Kennedy and Beth Levin},
	booktitle = {Proceedings of {Semantics} And {Linguistic} {Theory} ({SALT} {IX})},
	editor = {T. Mathews and D. Strolovitch},
	pages = {127--144},
	publisher = {CLC Publications},
	title = {Scalar structure underlies telicity in ``degree acheivements''},
	year = {1999}
}

@inproceedings{chenfukuda17,
	author = {Chen, Victoria and Shin Fukuda},
	booktitle = {Proceedings of {AFLA} 23},
	pages = {50--64},
	title = {Re-labeling `ergative': Evidence from {Formosan}},
	year = {2017}
}

@inproceedings{ahdout19glow,
	author = {Odelia Ahdout},
	booktitle = {{GLOW} 42},
	title = {No Results with Middles: On Non-Eventive Readings in {Hebrew} Nominalizations},
	year = {2019}
}

@incollection{zukoff16nels,
	address = {Amherst, MA},
	author = {Sam Zukoff},
	booktitle = {Proceedings of the Forty-Seventh Annual Meeting of the North East Linguistic Society},
	editor = {Andrew Lamont and Katerina Tetzloff},
	pages = {295--314},
	publisher = {GLSA},
	title = {{Arabic} Nonconcatenative Morphology and the Syntax-Phonology Interface},
	year = {2017}
}

@incollection{xuetal07,
	address = {Oxford},
	author = {Zheng Xu and Mark Aronoff and Frank Anshen},
	booktitle = {Deponency and Morphological Mismatches},
	editor = {Matthew Baerman and Greville G. Corbett and Dunstan Brown and Andrew Hippisley},
	pages = {127--143},
	publisher = {Oxford University Press},
	title = {Deponency in {Latin}},
	doi = {10.5871/bacad/9780197264102.001.0001},
	year = {2007}
}

@incollection{wurmbrandshimamura17,
	address = {Oxford},
	author = {Susi Wurmbrand and Koji Shimamura},
	booktitle = {The Verbal Domain},
	doi = {10.1093/oso/9780198767886.003.0008},
	editor = {D'Alessandro, Roberta and Franco, Irene and Gallego, Ángel J.},
	pages = {179-204},
	publisher = {Oxford University Press},
	title = {The features of the voice domain: Actives, passives, and restructuring},
	year = {2017}
}

@incollection{woodmarantz17,
	address = {Oxford},
	author = {Jim Wood and Alec Marantz},
	booktitle = {The Verbal Domain},
	editor = {Roberta D'Alessandro and Irene Franco and Ángel Gallego},
	pages = {255--278},
	publisher = {Oxford University Press},
	title = {The interpretation of external arguments},
	year = {2017}
}

@incollection{winchester17nels,
	address = {Amherst, MA},
	author = {Lindley Winchester},
	booktitle = {Proceedings of the 47th Annual Meeting of the {North} {East} {Linguistic} {Society} ({NELS} 47)},
	editor = {Lamont, Andrew and Tetzloff, Katerina},
	pages = {247--260},
	publisher = {GLSA},
	title = {Morphosyntactic Features and Contextual Allomorphy: Evidence from {Modern} {Standard} {Arabic}},
	volume = {3},
	year = {2017}
}

@incollection{wasow77,
	address = {New York, NY},
	author = {Wasow, Thomas},
	booktitle = {Formal Syntax},
	editor = {Peter Culicover and Wasow, Thomas and Akmajian, Adrian},
	pages = {327--360},
	publisher = {Academic Press},
	title = {Transformations and the Lexicon},
	year = {1977}
}

@incollection{vanriemsdijk90,
	address = {Dordrecht},
	author = {van Riemsdijk, Henk},
	booktitle = {Unity in diversity: Papers presented to {Simon} {C}.~{Dik} on his 50th birthday},
	editor = {Pinkster, Harm and Inge Genee},
	pages = {229--242},
	publisher = {Foris},
	title = {Functional prepositions},
	year = {1990}
}

@incollection{temkinmartinzemuellner16,
	author = {Temkin Martínez, Michal and Ivana Müllner},
	booktitle = {Supplemental proceedings of the Annual Meeting on Phonology ({AMP}) 2015},
	pages = {\biberror{no pages}},
	sortname = {Temkin Martinez, Michal and Ivana Mullner},
	title = {Specific Exceptions Driving Variation: The Role of Orthography in {Modern} {Hebrew} spirantization},
	year = {2016}
}

@incollection{temkinmartinez08wccfl,
	address = {Somerville, MA},
	author = {Temkin Martínez, Michal},
	booktitle = {Proceedings of {WCCFL} 26},
	editor = {Chang, Charles B. and Haynie, Hannah J.},
	pages = {463--470},
	publisher = {Cascadilla Press},
	sortname = {Temkin Martinez, Michal},
	title = {Exceptions encoded at the segmental level},
	year = {2008}
}

@incollection{talmy78,
	address = {Stanford, CA},
	author = {Talmy, Leonard},
	booktitle = {Universals in Human Language},
	editor = {Joseph Greenberg},
	pages = {625--49},
	publisher = {Stanford University Press},
	title = {Figure and ground in complex sentences},
	year = {1978}
}

@incollection{svenonius10,
	address = {Oxford},
	author = {Svenonius, Peter.},
	booktitle = {Mapping spatial {PP}s: The Cartography of syntactic structures},
	editor = {Cinque, Guglielmo and Luigi Rizzi},
	pages = {127--160},
	publisher = {Oxford University Press},
	title = {Spatial {P} in {English}},
	volume = {6},
	year = {2010}
}

@incollection{svenonius07,
	address = {Philadelphia},
	author = {Svenonius, Peter},
	booktitle = {Argument Structure},
	editor = {Eric Reuland and Tanmoy Bhattacharya and Giorgos Spathas},
	pages = {63--103},
	publisher = {John Benjamins},
	title = {Adpositions, particles and the arguments they introduce},
	year = {2007}
}

@incollection{sundaresanmcfadden17,
	address = {Oxford},
	author = {Sandhya Sundaresan and Thomas McFadden},
	booktitle = {The Verbal Domain},
	editor = {Roberta D'Alessandro and Irene Franco and Ángel Gallego},
	pages = {153--178},
	publisher = {Oxford University Press},
	title = {The articulated \emph{v} layer: Evidence from {Tamil}},
	year = {2017}
}

@incollection{silonipreminger09,
	address = {Oxford},
	author = {Tal Siloni and Omer Preminger},
	booktitle = {Quantification, Definiteness and Nominalization},
	editor = {Anastasia Giannakidou and Monika Rathert},
	pages = {365--385},
	publisher = {Oxford University Press},
	title = {Nominal Voices},
	year = {2009}
}

@incollection{siloni08,
	address = {Jerusalem},
	author = {Tal Siloni},
	booktitle = {\emph{balshanut ivrit teoretit} [Theoretical {Hebrew} Linguistics]},
	editor = {Galia Hatav},
	pages = {111--138},
	publisher = {Magnes Hebrew University Press},
	title = {\emph{al binyan hitpa'el} [On the Hitpa'el Template]},
	year = {2008}
}

@incollection{sichel10n,
	address = {Berlin},
	author = {Ivy Sichel},
	booktitle = {The Syntax of Nominalizations across Languages and Frameworks},
	editor = {Artemis Alexiadou and Monika Rathert},
	pages = {151--190},
	publisher = {Mouton de Gruyter},
	title = {Event Structure Constraints in Nominalization},
	year = {2010}
}

@incollection{shlonskydoron91,
	address = {Stanford, CA},
	author = {Ur Shlonsky and Edit Doron},
	booktitle = {Proceedings of the Tenth West Coast Conference on Formal Linguistics ({WCCFL} 10)},
	editor = {Dawn Bates},
	pages = {431--445},
	publisher = {CSLI},
	title = {Verb Second in {Hebrew}},
	year = {1991}
}

@incollection{schwarzwald16,
	address = {Newcastle upon Tyne},
	author = {Schwarzwald, Ora (Rodrigue)},
	booktitle = {Word-Formation across Languages},
	editor = {Lívia Körtvélyessy and Pavol Štekauer and Salvador Valera},
	pages = {311--336},
	publisher = {Cambridge Scholars Publishing},
	sortname = {Schwarzwald, Ora (Rodrigue)},
	title = {Innovative Elements in Newly Formed {Hebrew} Four-Consonantal Verbal Roots},
	year = {2016}
}

@incollection{schwarzwald08,
	address = {Amsterdam},
	author = {Schwarzwald, Ora (Rodrigue)},
	booktitle = {Current Issues in {Generative} {Hebrew} Linguistics},
	editor = {Armon-Lotem, Sharon and Gabi Danon and Susan Rothstein},
	pages = {61--75},
	publisher = {John Benjamins},
	sortname = {Schwarzwald, Ora (Rodrigue)},
	title = {The Special Status of {Nif'al} in {Hebrew}},
	year = {2008}
}

@incollection{schaefer17oup,
	address = {Oxford},
	author = {Florian Schäfer},
	booktitle = {The Verbal Domain},
	editor = {Roberta D'Alessandro and Irene Franco and Ángel Gallego},
	pages = {129--152},
	publisher = {Oxford University Press},
	sortname = {Florian Schafer},
	title = {{Romance} and {Greek} Medio-Passives and the Typology of {Voice}},
	year = {2017}
}

@incollection{rooryck96,
	address = {Dordrecht},
	author = {Rooryck, Johan},
	booktitle = {Studies in Comparative {Germanic} Syntax},
	editor = {Höskuldur Thráinsson and Samuel Epstein and Steve Peter},
	pages = {226--256},
	publisher = {Kluwer},
	title = {Prepositions and minimalist case marking},
	volume = {2},
	year = {1996}
}

@incollection{ravidetaltilar,
	address = {Amsterdam},
	author = {Dorit Ravid and Orit Ashkenazi and Ronit Levie and Ben Zadok, Galit and Tehila Grunwald and Ron Bratslavsky and Steven Gillis},
	booktitle = {Acquisition and Development of {Hebrew}: From Infancy to Adolescence},
	editor = {Ruth Berman},
	number = {19},
	pages = {95--134},
	publisher = {Benjamins},
	series = {Trends In Language Acquisition Research ({TILAR})},
	title = {Foundations of the Early Root Category: Analyses of Linguistic Input to {Hebrew}-Speaking Children},
	year = {2016}
}

@incollection{ratcliffe97,
	address = {Amsterdam/Philadelphia},
	author = {Ratcliffe, Robert},
	booktitle = {Perspectives on {Arabic} Linguistics},
	editor = {Mushira Eid and Robert Ratcliffe},
	pages = {157--171},
	publisher = {Benjamins},
	title = {Prosodic templates in a word-based morphological analysis of {Arabic}},
	volume = {10},
	year = {1997}
}

@incollection{rappaporthovav14,
	address = {Oxford},
	author = {Rappaport Hovav, Malka},
	booktitle = {The Syntax of Roots and the Roots of Syntax},
	editor = {Artemis Alexiadou and Hagit Borer and Florian Schäfer},
	pages = {259--281},
	publisher = {Oxford University Press},
	title = {Building scalar changes},
	year = {2014}
}

@incollection{preminger10,
	address = {Amsterdam},
	author = {Preminger, Omer},
	booktitle = {Linguistic Variation Yearbook 9},
	editor = {Jeroen van Craenenbroeck and Johan Rooryck},
	pages = {241--278},
	publisher = {Benjamins},
	title = {Failure to Agree is Not a Failure: $\phi$-Agreement with Post-Verbal Subjects in {Hebrew}},
	year = {2010}
}

@incollection{paster05,
	address = {Dordrecht},
	author = {Paster, Mary},
	booktitle = {Yearbook of Morphology 2005},
	editor = {Booij, Geert and van Marle, Jaap},
	pages = {155--200},
	publisher = {Springer},
	title = {Pulaar verbal extensions and phonologically driven affix order},
	year = {2005}
}

@incollection{noyer98,
	address = {Stanford},
	author = {Rolf Noyer},
	booktitle = {Morphology and its relation to phonology and syntax},
	editor = {Steve Lapointe and Diane Brentari and Patrick Farrell},
	pages = {264--285},
	publisher = {CSLI},
	title = {Impoverishment theory and morphosyntactic markedness},
	year = {1998}
}

@inproceedings{nevins15roots,
	author = {Andrew Nevins},
	booktitle = {Roots {IV}, {New} {York} {University}},
	title = {The Exponent List and the Encyclopedic List: Structurally Parallel, Mutually Mute},
	year = {2015}
}

@incollection{mylermarantz19cup,
	address = {Cambridge},
	author = {Neil Myler and Alec Marantz},
	booktitle = {The Cambridge Handbook of {Distributed} {Morphology}},
	editor = {Artemis Alexiadou and Ruth Kramer and Alec Marantz and Isabel Oltra Massuet},
	pages = {\biberror{no pages}},
	publisher = {Cambridge University Press},
	title = {Allosemy},
	year = {Submitted}
}

@incollection{myler17oup,
	address = {Oxford},
	author = {Neil Myler},
	booktitle = {The Structure of Words at the Interfaces},
	editor = {Heather Newell and Máire Noonan and Glyne Piggott and Travis, Lisa deMena},
	pages = {100--125},
	publisher = {Oxford University Press},
	title = {Exceptions to the `{Mirror} {Principle}' and Morphophonological `Action at a distance'},
	year = {2017}
}

@incollection{muysken88,
	address = {Dordrecht},
	author = {Muysken, Pieter},
	booktitle = {Morphology and Modularity},
	editor = {Martin Everaert and Mieke Trommelen},
	pages = {259--279},
	publisher = {Foris},
	title = {Affix order and interpretation: {Quechua}},
	year = {1988}
}

@incollection{moulton14,
	address = {Amsterdam},
	author = {Keir Moulton},
	booktitle = {Cross-linguistic Investigations of Nominalization Patterns},
	editor = {Paul, Ileana},
	pages = {119--144},
	publisher = {John Benjamins},
	series = {Linguistik Aktuell/Linguistics Today},
	title = {Simple event nominalizations: Roots and their interpretation},
	volumes = {210},
	year = {2014}
}

@incollection{moorecantwell13,
	author = {Moore-Cantwell, Claire},
	booktitle = {Proceedings of the 42nd meeting of the North East Linguistic Society},
	editor = {Stefan Keine and Shayne Sloggett},
	pages = {41--54},
	address = {Amherst, MA},
	publisher = {GLSA},
	title = {Over- and Under- generalization in learning derivational morphology},
	year = {2013}
}

@incollection{mcomber95,
	address = {Amsterdam/Philadelphia},
	author = {McOmber, Michael},
	booktitle = {Perspectives on {Arabic} Linguistics},
	editor = {Mushira Eid},
	pages = {173--188},
	publisher = {John Benjamins},
	title = {Morpheme edges and {Arabic} infixation},
	volume = {7},
	year = {1995}
}

@incollection{mcnally17,
	address = {Amsterdam},
	author = {Louise McNally},
	booktitle = {Linguistik Aktuell/Linguistics Today},
	doi = {10.1075/la.239.09mcn},
	editor = {Olga Fernández-Soriano and Elena Castroviejo Miró and Isabel Pérez-Jiménez},
	pages = {174--192},
	publisher = {John Benjamins},
	title = {On the scalar properties and telicity of degree achievements},
	year = {2017}
}

@incollection{mcintyre13,
	address = {Amsterdam},
	author = {Andrew McIntyre},
	booktitle = {Non-canonical Passives},
	editor = {Artemis Alexiadou and Florian Schäfer},
	pages = {21--42},
	publisher = {John Benjamins},
	title = {Adjectival passives and adjectival participles in {English}},
	year = {2013}
}

@incollection{marantz97,
	address = {Philadelphia, PA},
	author = {Alec Marantz},
	booktitle = {University of Pennsylvania Working Papers in Linguistics: Proceedings of PLC 21},
	editor = {Alexis Dimitriadis and Laura Siegel and Clarissa Surek-Clark and Alexander Williams},
	number = {2},
	pages = {201--225},
	publisher = {University of Pennsylvania},
	title = {No Escape from Syntax: Don't Try Morphological Analysis in the Privacy of Your Own Lexicon},
	volumes = {4},
	year = {1997}
}

@incollection{marantz91,
	address = {Columbus, OH},
	author = {Alec Marantz},
	booktitle = {Proceesings of {ESCOL}},
	editor = {German Westphal and Benjamin Ao and Hee-Rahk Chae},
	pages = {234--253},
	publisher = {Ohio State University, Cornell Linguistics Club},
	title = {Case and Licensing},
	year = {1991}
}

@incollection{marantz13,
	address = {Cambridge, MA},
	author = {Alec Marantz},
	booktitle = {Distributed {Morphology} Today: Morphemes for {Morris} {Halle}},
	editor = {Marantz, Alec and Matushansky, Ora},
	pages = {95--115},
	publisher = {MIT Press},
	title = {Locality Domains for Contextual Allomorphy Across the Interfaces},
	year = {2013}
}

@inproceedings{marantz01,
	address = {Los Angeles, CA},
	author = {Marantz, Alec},
	booktitle = {The 20th West Coast Conference on Formal Linguistics (WCCFL 20)},
	title = {Words},
	year = {2001}
}

@incollection{kratzer96,
	address = {Dordrecht},
	author = {Angelika Kratzer},
	booktitle = {Phrase Structure and the Lexicon},
	editor = {Johan Rooryck and Laurie Zaring},
	pages = {109--137},
	publisher = {Kluwer},
	title = {Severing the External Argument from its Verb},
	year = {1996}
}

@incollection{kratzer05,
	address = {Berlin},
	author = {Kratzer, Angelika},
	booktitle = {Event Arguments:{Foundations and Applications},
	editor = {Claudia Maienborn and Angelika Wöllstein},
	pages = {177--212},
	publisher = {de Gruyter},
	title = {Building Resultatives},
	year = {2005}
}

@incollection{kratzer00bls,
	address = {Berkeley, CA},
	author = {Kratzer, Angelika},
	booktitle = {Proceedings of the Twenty-sixth Annual Meeting of the {Berkeley} {Linguistics} {Society}},
	editor = {Conathan, Lisa J. and Jeff Good and Darya Kavitskaya and Wulf, Alyssa B. and Yu, Alan C. L.},
	pages = {385--399},
	publisher = {University of California, Berkeley Linguistics Society},
	title = {Building statives},
	year = {2000}
}

@incollection{kennedylevin08,
	address = {Oxford},
	author = {Kennedy, Christopher and Beth Levin},
	booktitle = {Adjectives and adverbs: Syntax, semantics and discourse},
	editor = {Louise McNally and Christopher Kennedy},
	pages = {156--182},
	publisher = {Oxford University Press},
	title = {Measure of change: The adjectival core of degree achievements},
	year = {2008}
}

@incollection{kastnertucker19cup,
	address = {Cambridge},
	author = {Itamar Kastner and Tucker, Matthew A.},
	booktitle = {The {Cambridge} Handbook of {Distributed} {Morphology}},
	editor = {Artemis Alexiadou and Ruth Kramer and Alec Marantz and Isabel Oltra Massuet},
	pages = {\biberror{no pages}},
	publisher = {Cambridge University Press},
	title = {Non-concatenative Morphology},
	year = {Submitted}
}

@incollection{kallulli13,
	address = {Amsterdam/Philadelphia},
	author = {Kallulli, Dalina},
	booktitle = {Non-Canonical Passives},
	editor = {Artemis Alexiadou and Florian Schäfer},
	pages = {337--358},
	publisher = {John Benjamins},
	series = {Linguistik Aktuell/Linguistics Today},
	title = {({Non}-)canonical passives and reflexives: Deponents and their like},
	volume = {205},
	year = {2013}
}

@incollection{junker87,
	address = {Dordrecht},
	author = {Junker, Marie-Odile},
	booktitle = {Advances in {Romance} linguistics},
	editor = {David Birdsong and Jean-Pierre Montreuil},
	pages = {189--199},
	publisher = {Foris},
	title = {Transitive, intransitive, and reflexive uses of deadjectival verbs in {French}},
	year = {1987}
}

@incollection{jjmccprince90,
	address = {Amsterdam/Philadelphia},
	author = {John J. McCarthy and Alan S. Prince},
	booktitle = {Perspectives on Arabic Linguistics},
	editor = {Mushira Eid and John J. McCarthy},
	pages = {1--54},
	publisher = {Benjamins},
	title = {Prosodic Morphology and Templatic Morphology},
	volume = {2},
	year = {1990}
}

@incollection{horvathsiloni08,
	address = {Amsterdam and Philadelphia},
	author = {Julia Horvath and Tal Siloni},
	booktitle = {Current Issues in {Generative} {Hebrew} Linguistics},
	editor = {Armon-Lotem, Sharon and Gabi Danon and Susan Rothstein},
	pages = {105--134},
	publisher = {Benjamins},
	title = {Active Lexicon: Adjectival and verbal passives},
	year = {2008}
}

@inproceedings{hellerbendavid15,
	author = {Daphna Heller and Ben David, Boaz},
	booktitle = {IATL 31},
	title = {Morphological activation during spoken word recognition: Beyond sound and meaning?},
	year = {2015}
}

@incollection{haspelmath93,
	address = {Amsterdam},
	author = {Haspelmath, Martin},
	booktitle = {Causatives and transitivity},
	editor = {Bernard Comrie and Maria Polinsky},
	pages = {87--120},
	publisher = {John Benjamins},
	title = {More on the typology of inchoative/causative verb alternations},
	year = {1993}
}

@incollection{harleystone13,
	address = {Oxford},
	author = {Harley, Heidi and Stone, Megan S.},
	booktitle = {Syntax and its Limits},
	editor = {R. Folli and C. Sevdali and R. Truswell},
	pages = {283--311},
	publisher = {Oxford University Press},
	title = {The '{No} Agent Idioms' hypothesis},
	year = {2013}
}

@incollection{harleynoyer00,
	address = {Amsterdam},
	author = {Heidi Harley and Rolf Noyer},
	booktitle = {The Lexicon/Encyclopaedia Interface},
	editor = {Bert Peeters},
	pages = {349--374,},
	publisher = {Elsevier Press},
	title = {Formal versus Encyclopedic Properties of Vocabulary: Evidence from Nominalisations},
	year = {2000}
}

@incollection{harley17oup,
	address = {Oxford},
	author = {Heidi Harley},
	booktitle = {The Verbal Domain},
	editor = {Roberta D'Alessandro and Irene Franco and Ángel Gallego},
	pages = {3--28},
	publisher = {Oxford University Press},
	title = {The ``bundling'' hypothesis and the disparate functions of little v},
	year = {2017}
}

@inproceedings{harley15roots,
	author = {Heidi Harley},
	booktitle = {Roots {IV}, {New} {York} {University}},
	title = {Hiaki verbal number suppletion really is suppletion},
	year = {2015}
}

@incollection{harley13oup,
	address = {Oxford},
	author = {Heidi Harley},
	booktitle = {Diagnosing Syntax},
	editor = {Cheng, Lisa Lai-Shen and Corver, Norbert},
	pages = {44--74},
	publisher = {Oxford University Press},
	title = {Getting Morphemes in Order: Affixation and head movement},
	year = {2013}
}

@incollection{harley09n,
	address = {Oxford},
	author = {Heidi Harley},
	booktitle = {Quantification, Definiteness and Nominalization},
	editor = {Monika Rathert and Anastasia Giannakidou},
	pages = {320--342},
	publisher = {Oxford University Press},
	title = {The morphology of nominalizations and the syntax of v{P}},
	year = {2009}
}

@incollection{harley08,
	address = {Oxford},
	author = {Heidi Harley},
	booktitle = {The {Oxford} Handbook of {Japanese} Linguistics},
	editor = {Shigeru Miyagawa and Mamoru Saito},
	pages = {20--53},
	publisher = {Oxford University Press},
	title = {On the causative construction},
	year = {2008}
}

@incollection{grimshaw00,
	address = {Amsterdam},
	author = {Jane Grimshaw},
	booktitle = {Lexical Specification and Insertion},
	editor = {Peter Coopmans and Martin Everaert and Jane Grimshaw},
	pages = {115--133},
	publisher = {John Benjamins},
	title = {Locality and extended projection},
	year = {2000}
}

@incollection{embick04,
	address = {Oxford},
	author = {David Embick},
	booktitle = {The Unaccusativity Puzzle: Explorations of the Syntax-Lexicon Interface},
	editor = {Artemis Alexiadou and Elena Anagnostopoulou and Martin Everaert},
	pages = {137--158},
	publisher = {Oxford University Press},
	title = {Unaccusative syntax and verbal alternations},
	year = {2004}
}

@incollection{elenasamioti14,
	address = {Oxford},
	author = {Elena Anagnostopoulou and Yota Samioti},
	booktitle = {The Syntax of Roots and the Roots of Syntax},
	editor = {Artemis Alexiadou and Hagit Borer and Florian Schäfer},
	pages = {81--111},
	publisher = {Oxford University Press},
	title = {Domains within words and their meanings: A case study},
	year = {2014}
}

@incollection{elenasamioti13,
	address = {Oxford},
	author = {Anagnostopoulou, Elena and Yota Samioti},
	booktitle = {On Linguistic Interfaces},
	edition = {2},
	editor = {Raffaella Folli and Christina Sevdali and Robert Truswell},
	pages = {218--250},
	publisher = {Oxford University Press},
	title = {Allosemy, idioms and their domains: Evidence from adjectival participles},
	year = {2013}
}

@incollection{doronkhan16,
	author = {Edit Doron and Geoffrey Khan},
	booktitle = {Proceedings of the 10th Mediterranean Morphology Meeting ({MMM} 10)},
	editor = {Jenny Audring and Francesca Masini and Wendy Sandler},
	pages = {45--54},
	title = {The morphosyntax of definiteness agreement in {Neo}-{Aramaic} and {Central} {Semitic}},
	year = {2016}
}

@incollection{doron14adj,
	address = {Oxford},
	author = {Edit Doron},
	booktitle = {The Syntax of Roots and the Roots of Syntax},
	editor = {Artemis Alexiadou and Hagit Borer and Florian Schäfer},
	pages = {164--191},
	publisher = {Oxford University Press},
	title = {The interaction of adjectival passive and voice},
	year = {2014}
}

@incollection{doron13voice,
	address = {Berlin},
	author = {Edit Doron},
	booktitle = {Syntax -- Theory and Analysis},
	editor = {Artemis Alexiadou and Tibor Kiss},
	pages = {749--776},
	volume = {1},
	publisher = {Walter de Gruyter},
	title = {Voice and Valence Change},
	year = {2015}
}

@incollection{doron13ehll,
	address = {Leiden},
	author = {Doron, Edit},
	booktitle = {Encyclopedia of {Hebrew} Language and Linguistics},
	editor = {Geoffrey Khan},
	pages = {\biberror{no pages}},
	publisher = {Brill},
	title = {Participle: {Modern} {Hebrew}},
	year = {2013}
}

@incollection{dm,
	address = {Cambridge, MA},
	author = {Morris Halle and Alec Marantz},
	booktitle = {The View from Building 20: Essays in Linguistics in Honor of {Sylvain} {Bromberger}},
	editor = {Ken Hale and Keyser, Samuel Jay},
	pages = {111--176},
	publisher = {MIT Press},
	title = {Distributed {Morphology} and the Pieces of Inflection},
	year = {1993}
}

@incollection{deal15nels,
	address = {Amherst, MA},
	author = {Deal, Amy Rose},
	booktitle = {Proceedings of {NELS} 45},
	editor = {Thuy Bui and Deniz Özyıldız},
	pages = {179--192},
	publisher = {GLSA},
	title = {Interaction and satisfaction in $\phi$-agreement},
	year = {2015}
}

@incollection{darden92,
	address = {Amsterdam/Philadelphia},
	author = {Darden, Bill},
	booktitle = {The Joy of Grammar},
	editor = {Diane Brentari and Larson, Gary N and MacLeod, Lynn A.},
	pages = {11--24},
	publisher = {Benjamins},
	title = {The {Cairene} {Arabic} verb without form classes},
	year = {1992}
}

@incollection{chomsky70,
	address = {Waltham, MA},
	author = {Noam Chomsky},
	booktitle = {Readings in English Transformational Grammar},
	editor = {Roderick A. Jacobs and Peter S. Rosenbaum},
	pages = {184--221},
	publisher = {Ginn},
	title = {Remarks on Nominalization},
	year = {1970}
}

@incollection{chomsky01,
	address = {Cambridge, MA},
	author = {Noam Chomsky},
	booktitle = {Ken {Hale}: A Life in Language},
	editor = {Michael Kenstowicz},
	pages = {1--52},
	publisher = {MIT Press},
	title = {Derivation by Phase},
	year = {2001}
}

@incollection{chomsky00,
	address = {Cambridge, MA},
	author = {Noam Chomsky},
	booktitle = {Step by Step: Essays on {Minimalist} Syntax in Honor of {Howard} {Lasnik}},
	editor = {Roger Martin and David Michaels and Juan Uriagereka},
	pages = {89--155},
	publisher = {MIT Press},
	title = {Minimalist inquiries: The framework},
	year = {2000}
}

@incollection{bruening04,
	address = {Oslo},
	author = {Benjamin Bruening},
	booktitle = {Demoting the Agent: Proceedings of the {Oslo} Workshop on Passive and Other Voice-Related Phenomena},
	editor = {T. Solstad, B. Lyngfelt and Krave, M. F.},
	pages = {3--12},
	publisher = {University of Oslo},
	title = {Verbal Reciprocals},
	year = {2004}
}

@incollection{bowers01,
	address = {Oxford},
	author = {John Bowers},
	booktitle = {The Handbook of Contemporary Syntactic Theory},
	editor = {Mark Baltin and Chris Collins},
	pages = {299--333},
	publisher = {Blackwell},
	title = {Predication},
	year = {2001}
}

@incollection{borerwexler87,
	address = {Dordrecht},
	author = {Hagit Borer and Kenneth Wexler},
	booktitle = {Parameter Setting},
	editor = {Thomas Roeper and Edwin Williams},
	pages = {123--172},
	publisher = {Springer},
	series = {Studies in Theoretical Psycholinguistics},
	title = {The Maturation of Syntax},
	year = {1987}
}

@incollection{borergrodzinsky86,
	address = {New York},
	author = {Borer, Hagit and Grodzinsky, Yosef},
	booktitle = {Syntax and semantics},
	editor = {Hagit Borer},
	pages = {175--217},
	publisher = {Academic Press},
	title = {Syntactic cliticization and lexical cliticization: The case of {Hebrew} dative clitics},
	volume = {19},
	year = {1986}
}

@incollection{borer98csli,
	address = {Stanford, CA},
	author = {Hagit Borer},
	booktitle = {Morphology and its relations to phonology and syntax},
	editor = {Steven G. Lapointe and Diane K. Brentari and Patrick M. Farrell},
	pages = {60--99},
	publisher = {CSLI Publications},
	title = {Deriving Passive without Theta Roles},
	year = {1998}
}

@inproceedings{borer15roots,
	author = {Borer, Hagit},
	booktitle = {Roots {IV}, {New} {York} {University}},
	title = {Beyond Roots},
	year = {2015}
}

@incollection{borer04,
	address = {Oxford},
	author = {Hagit Borer},
	booktitle = {The Unaccusativity Puzzle: Explorations of the Syntax-Lexicon Interface},
	editor = {Artemis Alexiadou and Elena Anagnostopoulou and Martin Everaert},
	pages = {288--331},
	publisher = {Oxford University Press},
	title = {The grammar Machine},
	year = {2004}
}

@article{bopp1824,
	address = {Berlin},
	author = {Bopp, Franz},
	booktitle = {Abhandlungen der historisch-philologischen Klasse der Königlichen Akademie der Wissenschaften zu Berlin},
	pages = {117--148},
	publisher = {Druckerei der {Königlichen} {Akademie} der {Wissenschaften}},
	title = {Vergleichende {Zergliederung} des {Sanskrits} und der mit ihm verwandten {Sprachen}. Erste {Abhandlung}. Von den {Wurzeln} und {Pronominen} erster und zweiter {Person}},
	year = {1826}
}

@incollection{bonetharbour12,
	address = {Oxford},
	author = {Eulália Bonet and Daniel Harbour},
	booktitle = {The Morphology and Phonology of Exponence},
	editor = {Jochen Trommer},
	pages = {195--235},
	publisher = {Oxford University Press},
	sortname = {Eulalia Bonet and Daniel Harbour},
	title = {Contextual allomorphy},
	year = {2012}
}

@incollection{boneh13tense,
	address = {Leiden},
	author = {Boneh, Nora},
	booktitle = {Encyclopedia of {Hebrew} Language and Linguistics},
	editor = {Geoffrey Khan},
	pages = {\biberror{no pages}},
	publisher = {Brill},
	title = {Tense: {Modern} {Hebrew}},
	year = {2013}
}

@incollection{bhattpancheva17,
	address = {London},
	author = {Rajesh Bhatt and Roumyana Pancheva},
	booktitle = {The {Blackwell} Companion to Syntax},
	edition = {2},
	editor = {Martin Everaert and Henk C. van Riemsdijk},
	pages = {\biberror{no pages}},
	publisher = {Blackwell},
	title = {Implicit Arguments},
	year = {2017}
}

@incollection{batel17,
	address = {Berlin},
	author = {Outi Bat-El},
	booktitle = {On Looking into Words (and beyond)},
	editor = {Claire Bowern and Laurence Horn and Raffaella Zanuttini},
	pages = {115--135},
	publisher = {Language Science Press},
	title = {Word-based items-and processes ({WoBIP}): Evidence from {Hebrew} morphology},
	year = {2017}
}

@incollection{barashersiegalboneh18wccfl,
	address = {Somerville, MA},
	publisher = {Cascadilla Press},
	editor = {Richard Stockwell and Maura O'Leary and Zhongshi Xu and Z.L. Zhou},
	author = {Bar-Asher Siegal, Elitzur and Boneh, Nora},
	booktitle = {Proceedings of the 36th West Coast Conference on Formal Linguistics,},
	pages = {55--60},
	title = {Sufficient and Necessary Conditions for a Non-Unified Analysis of Causation},
	year = {2019}
}

@incollection{barashersiegalboneh16,
	address = {\biberror{no address}},
	author = {Bar-Asher Siegal, Elitzur and Nora Boneh},
	booktitle = {Proceedings of the 26th Semantics and Linguistic Theory Conference},
	editor = {Moroney, Mary and Little, Carol-Rose and Collard, Jacob and Burgdorf, Dan},
	pages = {103--121},
	publisher = {LSA and CLC Publications},
	title = {Discourse update at the service of mirativity effects: The case of the Discursive {Dative}},
	volume = {26},
	year = {2016}
}

@incollection{barashersiegalboneh15,
	author = {Bar-Asher Siegal, Elitzur and Nora Boneh},
	booktitle = {Proceedings of the 30th Annual Conference of the {Israel} Association for Theoretical Linguistics ({IATL} 30)},
	editor = {Nurit Melnik},
	pages = {1--23},
	publisher = {MIT Press},
	title = {Decomposing Affectedness: Truth-Conditional Non-core Datives in {Modern} {Hebrew}},
	year = {2015}
}

@incollection{barashersiegal16mmm,
	author = {Bar-Asher Siegal, Elitzur},
	booktitle = {Proceedings of the 10th Mediterranean Morphology Meeting ({MMM} 10)},
	editor = {Jenny Audring and Francesca Masini and Wendy Sandler},
	pages = {16--30},
	title = {The {Semitic} templates from the perspective of reciprocal predicates},
	year = {2016}
}

@incollection{alexiadouschaefer11wccfl,
	author = {Alexiadou, Artemis and Florian Schäfer},
	booktitle = {Online proceedings of {WCCFL} 28},
	editor = {Washburn, Mary Byram and Sarah Ouwayda and Chuoying Ouyang and Bin Yin and Canan Ipek and Lisa Marston and Aaron Walker},
	pages = {\biberror{no pages}},
	sortname = {Alexiadou, Artemis and Florian Schafer},
	title = {\emph{There}-Insertion: An Unaccusativity Mismatch at the Syntax-Semantics Interface},
	year = {2011}
}

@incollection{alexiadouetal13,
	address = {Newcastle upon Tyne},
	author = {Artemis Alexiadou and Mariangeles Cano and Gianina Iordăchioaia and Fabienne Martin and Florian Schäfer},
	booktitle = {Categorization and category change},
	editor = {Gianina Iordăchioaia and Isabelle Roy and Takamine, Kaori},
	pages = {153--180},
	publisher = {Cambridge Scholars Publishing},
	sortname = {Artemis Alexiadou and Mariangeles Cano and Gianina Iordachioaia and Fabienne Martin and Florian Schafer},
	title = {`{D}irect participation' and `agent exclusivity' effects in derived nominals and beyond},
	year = {2013}
}

@incollection{alexiadouetal06nels,
	address = {Amherst, MA},
	author = {Artemis Alexiadou and Elena Anagnostopoulou and Florian Schäfer},
	booktitle = {Proceedings of {NELS} 36},
	editor = {Chris Davis and Deal, Amy Rose and Youri Zabbal},
	pages = {115--128},
	publisher = {GLSA},
	sortname = {Artemis Alexiadou and Elena Anagnostopoulou and Florian Schafer},
	title = {The fine structure of (anti-)causatives},
	year = {2006}
}

@incollection{alexiadouetal06,
	address = {Berlin},
	author = {Artemis Alexiadou and Elena Anagnostopoulou and Florian Schäfer},
	booktitle = {Phases of Interpretation},
	editor = {Mara Frascarelli},
	pages = {187--211},
	publisher = {Mouton de Gruyter},
	sortname = {Artemis Alexiadou and Elena Anagnostopoulou and Florian Schafer},
	title = {The properties of anticausatives crosslinguistically},
	year = {2006}
}

@incollection{alexiadouanagnostopoulou04,
	address = {Oxford},
	author = {Artemis Alexiadou and Elena Anagnostopoulou},
	booktitle = {The Unaccusativity Puzzle: Explorations of the Syntax-Lexicon Interface},
	editor = {Artemis Alexiadou and Elena Anagnostopoulou and Martin Everaert},
	pages = {114--136},
	publisher = {Oxford University Press},
	title = {Voice morphology in the causative-inchoative alternation: Evidence for a non-unified structural analysis of unaccusatives},
	year = {2004}
}

@incollection{alexiadouafto,
	address = {Oxford},
	author = {Artemis Alexiadou},
	booktitle = {The Syntax of Roots and the Roots of Syntax},
	editor = {Artemis Alexiadou and Hagit Borer and Florian Schäfer},
	pages = {57--80},
	publisher = {Oxford University Press},
	title = {Roots in transitivity alternations: \emph{afto}/\emph{auto} reflexives},
	year = {2014}
}

@incollection{alexiadou17,
	address = {Oxford},
	author = {Artemis Alexiadou},
	booktitle = {The {Oxford} Handbook of Ergativity},
	editor = {Jessica Coon and Diane Massam and Lisa deMena Travis},
	pages = {355--372},
	publisher = {Oxford University Press},
	title = {Ergativity in nominalization},
	year = {2017}
}

@incollection{alexiadou09,
	address = {Oxford},
	author = {Artemis Alexiadou},
	booktitle = {Quantification, definiteness and nominalization},
	editor = {Anastasia Giannakidou and Monika Rathert},
	pages = {253--280},
	publisher = {Oxford University Press},
	title = {On the role of syntactic locality in morphological processes: The case of ({Greek}) derived nominals},
	year = {2009}
}

@incollection{alexiadou08,
	address = {Amsterdam/Philadelphia},
	author = {Artemis Alexiadou},
	booktitle = {Linguistic Variation Yearbook},
	editor = {Van Craenenbroeck, Jeroen},
	pages = {33--60},
	publisher = {Benjamins},
	title = {Tense marking in the nominal domain: Implications for grammar architecture},
	year = {2008}
}

@incollection{ahdoutkastner19nels,
	address = {Amherst, MA},
	author = {Odelia Ahdout and Itamar Kastner},
	booktitle = {Proceedings of {NELS} 49},
	editor = {Maggie Baird and Duygu Göksu and Pesetsky, Jonathan},
	pages = {\biberror{no pages}},
	publisher = {GLSA},
	title = {Non-active verbs in {Hebrew} and the input to nominalization},
	year = {2019}
}

@incollection{adgersvenonius11,
	address = {Oxford},
	author = {Adger, David and Svenonius, Peter},
	booktitle = {The Handbook of Linguistic {Minimalism}},
	editor = {Boeckx, Cedric},
	pages = {27--51},
	publisher = {Blackwell},
	title = {Features in {Minimalist} Syntax},
	year = {2011}
}

@book{wood15springer,
	address = {Dordrecht},
	author = {Jim Wood},
	number = {90},
	publisher = {Springer},
	series = {Studies in Natural Language and Linguistic Theory},
	title = {{Icelandic} Morphosyntax and Argument Structure},
	year = {2015}
}

@book{williams15,
	address = {Cambridge},
	author = {Alexander Williams},
	publisher = {Cambridge University Press},
	title = {Arguments in Syntax and Semantics},
	year = {2015}
}

@book{unaccusativity95,
	address = {Cambridge, MA},
	author = {Beth Levin and Rappaport Hovav, Malka},
	number = {26},
	publisher = {MIT Press},
	series = {Linguistic Inquiry Monographs},
	title = {Unaccusativity: At the Syntax--Lexical Semantics Interface},
	year = {1995}
}

@book{tubinoblanco11,
	address = {Amsterdam/Philadelphia},
	author = {Mercedes Tubino Blanco},
	number = {179},
	publisher = {John Benjamins},
	series = {Linguistik Aktuell},
	title = {Causatives in {Minimalism}},
	year = {2011}
}

@book{siloni97,
	address = {Dordrecht},
	author = {Tal Siloni},
	publisher = {Kluwer},
	title = {Noun Phrases and Nominalizations: The Syntax of {DPs}},
	year = {1997}
}

@book{schwarzwald81biu,
	address = {Ramat Gan},
	author = {Schwarzwald, Ora (Rodrigue)},
	publisher = {Bar Ilan University Press},
	sortname = {Schwarzwald, Ora (Rodrigue)},
	title = {dikduk u-metzi'ut ba-po'al ha-ivri [\textup{Grammar and Reality in the {Hebrew} Verb}]},
	year = {1981}
}

@book{schaefer08,
	address = {Amsterdam/Philadelphia},
	author = {Florian Schäfer},
	publisher = {John Benjamins},
	sortname = {Florian Schafer},
	title = {The Syntax of (Anti-)Causatives},
	year = {2008}
}

@book{rosen77,
	address = {The Hague},
	author = {Rosén, Haim},
	publisher = {Mouton},
	sortname = {Rosen, Haim},
	title = {Contemporary {Hebrew}},
	year = {1977}
}

@book{ratcliffe98,
	address = {Amsterdam/Philadelphia},
	author = {Ratcliffe, Robert},
	publisher = {Benjamins},
	title = {The ``Broken'' Plural Problem in {Arabic} and Comparative {Semitic}},
	year = {1998}
}

@book{pylkkanen08,
	address = {Cambridge, MA},
	author = {Liina Pylkkänen},
	number = {49},
	publisher = {MIT Press},
	series = {Linguistic Inquiry Monographs},
	sortname = {Liina Pylkkanen},
	title = {Introducing Arguments},
	year = {2008}
}

@book{preminger14mit,
	address = {Cambridge, MA},
	author = {Omer Preminger},
	number = {68},
	publisher = {MIT Press},
	series = {Linguistic Inquiry Monographs},
	title = {Agreement and Its Failures},
	year = {2014}
}

@book{pesetsky95,
	address = {Cambridge, MA},
	author = {David Pesetsky},
	publisher = {MIT Press},
	title = {Zero Syntax: Experiencers and Cascades},
	year = {1995}
}

@book{owens88,
	address = {Amsterdam},
	author = {Owens, Jonathan},
	publisher = {Benjamins},
	title = {The Foundations of Grammar: An Introduction to Medieval {Arabic} Grammatical Theory},
	year = {1988}
}

@book{ot,
	address = {Malden, MA, and Oxford},
	author = {Prince, Alan and Smolensky, Paul},
	note = {Revision of 1993 technical report, Rutgers University Center for Cognitive Science. ROA 537},
	publisher = {Blackwell},
	title = {Optimality Theory: Constraint Interaction in Generative Grammar},
	year = {1993/2004}
}

@book{myler16mit,
	address = {Cambridge, MA},
	author = {Neil Myler},
	publisher = {MIT Press},
	title = {Building and Intepreting Possession Sentences},
	year = {2016}
}

@book{marantz84,
	address = {Cambridge, MA},
	author = {Alec Marantz},
	number = {10},
	publisher = {MIT Press},
	series = {Linguistic Inquiry Monographs},
	title = {On the Nature of Grammatical Relations},
	year = {1984}
}

@book{levin93,
	address = {Chicago},
	author = {Beth Levin},
	publisher = {University of Chicago Press},
	title = {{English} Verb Classes and Alternations: A Preliminary Investigation},
	year = {1993}
}

@book{legate14,
	address = {Cambridge, MA},
	author = {Legate, Julie Anne},
	number = {69},
	publisher = {MIT Press},
	series = {Linguistic Inquiry Monographs},
	title = {Voice and v: Lessons from {Acehnese}},
	year = {2014}
}

@book{layering15,
	address = {Oxford},
	author = {Artemis Alexiadou and Elena Anagnostopoulou and Florian Schäfer},
	publisher = {Oxford University Press},
	sortname = {Artemis Alexiadou and Elena Anagnostopoulou and Florian Schafer},
	title = {External Arguments in Transitivity Alternations: A Layering Approach},
	year = {2015}
}

@book{koopmanszabolcsi00,
	address = {Cambridge, MA},
	author = {Koopman, Hilda and Szabolcsi, Anna},
	publisher = {MIT Press},
	title = {Verbal Complexes},
	year = {2000}
}

@book{klaiman91,
	address = {Cambridge},
	author = {Klaiman, M. H.},
	publisher = {Cambridge University Press},
	title = {Grammatical Voice},
	year = {1991}
}

@book{jacobsen92,
	address = {Tokyo},
	author = {Wesley Jacobsen},
	publisher = {Kurosio},
	title = {The Transitive Structure of Events in {Japanese}},
	year = {1992}
}

@book{halekeyser02,
	address = {Cambridge, MA},
	author = {Hale, Ken and Keyser, Samuel Jay},
	number = {39},
	publisher = {MIT Press},
	series = {Linguistic Inquiry Monographs},
	title = {Prolegomenon to a Theory of Argument Structure},
	year = {2002}
}

@book{grohmann03,
	address = {Amsterdam/Philadelphia},
	author = {Grohmann, Kleanthes K.},
	publisher = {John Benjamins Publishing},
	title = {Prolific domains: On the anti-locality of movement dependencies},
	year = {2003}
}

@book{grimshaw90,
	address = {Cambridge, MA},
	author = {Jane Grimshaw},
	publisher = {MIT Press},
	title = {Argument Structure},
	year = {1990}
}

@book{gesenius,
	address = {Oxford},
	author = {Gesenius, F. H. W.},
	booktitle = {Gesenius' {Hebrew} Grammar},
	editor = {Kautzsch, E. and Cowley, A. E. Cowley},
	publisher = {Clarendon Press},
	title = {Gesenius' {Hebrew} Grammar},
	year = {1813/1919}
}

@book{geniusiene87,
	address = {Berlin},
	author = {Geniušienẹ, Emma},
	publisher = {Mouton de Gruyter},
	sortname = {Geniusiene, Emma},
	title = {The typology of reflexives},
	year = {1987}
}

@book{ewald1827,
	address = {Leipzig},
	author = {Ewald, Georg Heinrich August},
	publisher = {Hahn},
	title = {Kritische {Grammatik} der hebräischen {Sprache}},
	year = {1827}
}

@book{embick10,
	address = {Cambridge, MA},
	author = {David Embick},
	number = {60},
	publisher = {MIT Press},
	series = {Linguistic Inquiry Monographs},
	title = {Localism versus Globalism in Morphology and Phonology},
	year = {2010}
}

@book{desacy1810,
	address = {Paris},
	author = {de Sacy, Sylvestre Antoine Isaac},
	publisher = {Imprimerie Royale},
	title = {Grammaire {Arabic} \`a l'usage des él\`eves de l'Ecole spéciale des languages orientales vivantes},
	year = {1810}
}

@book{chungladusaw04,
	address = {Cambridge, MA},
	author = {Sandra Chung and William A. Ladusaw},
	publisher = {MIT Press},
	title = {Restriction and Saturation},
	year = {2004}
}

@book{chomsky95,
	address = {Cambridge, MA},
	author = {Noam Chomsky},
	publisher = {MIT Press},
	title = {The Minimalist Program},
	year = {1995}
}

@book{burzio86,
	address = {Dordrecht},
	author = {Luigi Burzio},
	publisher = {Reidel},
	title = {{Italian} Syntax},
	year = {1986}
}

@book{borer13oup,
	address = {Oxford},
	author = {Hagit Borer},
	publisher = {Oxford University Press},
	title = {Structuring Sense, vol.~3: Taking Form},
	year = {2013}
}

@book{borer05vol2,
	address = {Oxford},
	author = {Hagit Borer},
	publisher = {Oxford University Press},
	title = {Structuring Sense, vol.~2: The Normal Course of Events},
	year = {2005}
}

@book{bolozky99,
	address = {New York, NY},
	author = {Shmuel Bolozky},
	publisher = {Brill},
	title = {Measuring Productivity in Word Formation: The Case of {Israeli} {Hebrew}},
	year = {1999}
}

@book{bobaljik12,
	address = {Cambridge, MA},
	author = {Bobaljik, Jonathan David},
	publisher = {MIT Press},
	title = {Universals in Comparative Morphology},
	year = {2012}
}

@book{berman78,
	address = {Tel-Aviv, Israel},
	author = {Berman, Ruth},
	publisher = {Tel-Aviv Publishing Projects, Ltd.},
	title = {Modern {Hebrew} Structure},
	year = {1978}
}

@book{baker88,
	address = {Chicago},
	author = {Baker, Mark C.},
	publisher = {University of Chicago Press},
	title = {Incorporation: A Theory of Grammatical Function Changing},
	year = {1988}
}

@book{aronoff94,
	address = {Cambridge, MA},
	author = {Mark Aronoff},
	publisher = {MIT Press},
	quality = {1},
	title = {Morphology by Itself: Stems and Inflectional Classes},
	year = {1994}
}

@book{arad05,
	address = {Dordrecht},
	author = {Maya Arad},
	publisher = {Springer},
	title = {Roots and Patterns: {Hebrew} Morpho-syntax},
	year = {2005}
}

@book{alexiadou01,
	address = {Philadelphia, PA},
	author = {Artemis Alexiadou},
	publisher = {Benjamins},
	title = {Functional Structure in Nominals: Nominalization and Ergativity},
	year = {2001}
}

@book{adger03,
	address = {Oxford},
	author = {David Adger},
	publisher = {Oxford University Press},
	title = {Core Syntax: A {Minimalist} Approach},
	year = {2003}
}

@article{zeijlstra12,
	author = {Zeijlstra, Hedde},
	journal = {The Linguistic Review},
	pages = {491--539},
	title = {There is only one way to agree},
	volume = {29},
	year = {2012}
}

@article{wood16roots,
	author = {Jim Wood},
	journal = {Working Papers in Scandinavian Syntax},
	pages = {1--25},
	title = {How roots do and don't constrain the interpretation of {Voice}},
	volume = {96},
	year = {2016}
}

@article{wood14nllt,
	author = {Jim Wood},
	journal = {Natural Language and Linguistic Theory},
	number = {4},
	pages = {1387--1425},
	title = {Reflexive -\emph{st} verbs in {Icelandic}},
	volume = {32},
	year = {2014}
}

@article{vonstechow96,
	author = {Arnim von Stechow},
	journal = {Journal of Semantics},
	number = {2},
	pages = {87--138},
	title = {The different readings of \emph{wieder} `again': A structural account},
	volume = {13},
	year = {1996}
}

@article{ussishkin99,
	author = {Adam Ussishkin},
	journal = {Phonology},
	number = {3},
	pages = {401--442},
	title = {The Inadequacy of the Consonantal Root: {Modern} {Hebrew} Denominal Verbs and Output-Output Correspondence},
	volume = {16},
	year = {1999}
}

@article{ussishkin05,
	author = {Adam Ussishkin},
	doi = {10.1007/s11049-003-7790-8},
	journal = {Natural Language and Linguistic Theory},
	pages = {169--218},
	title = {A Fixed Prosodic Theory of Nonconcatenative Templatic Morphology},
	volume = {23},
	year = {2005}
}

@article{svenonius03,
	author = {Svenonius, Peter},
	journal = {Nordlyd},
	number = {2},
	pages = {431--445},
	title = {Limits on {P}: Filling in holes vs.~Falling in holes},
	volume = {31},
	year = {2003}
}

@article{suga80,
	author = {Suga, Kazuyoshi},
	journal = {Kokugogaku},
	pages = {31--41},
	title = {Heizon-suru zidoshi/tadoshi no imi [\emph{The meaning of coexistent intransitive/transitive verbs}]},
	volume = {120},
	year = {1980}
}

@article{spathasetal15,
	author = {Giorgos Spathas and Artemis Alexiadou and Florian Schäfer},
	journal = {Natural Language and Linguistic Theory},
	pages = {1293--1350},
	sortname = {Giorgos Spathas and Artemis Alexiadou and Florian Schafer},
	title = {Middle {Voice} and reflexive interpretations: \emph{afto}-prefixation in {Greek}},
	volume = {33},
	year = {2015}
}

@article{siloni12,
	author = {Tal Siloni},
	journal = {Natural Language and Linguistic Theory},
	pages = {261--320},
	title = {Reciprocal verbs and symmetry},
	volume = {30},
	year = {2012}
}

@article{sichel09,
	author = {Sichel, Ivy},
	journal = {Linguistic Inquiry},
	number = {4},
	pages = {712--723},
	title = {New Evidence for the Structural Realization of the Implicit External Argument in Nominalizations},
	volume = {40},
	year = {2009}
}

@article{schwarzwald81,
	author = {Schwarzwald, Ora (Rodrigue)},
	journal = {Hebrew Studies},
	pages = {131--137},
	sortname = {Schwarzwald, Ora (Rodrigue)},
	title = {Frequency Factors as Determinants in the \emph{binyanim} Meanings},
	volume = {22},
	year = {1981}
}

@article{schwarzwald73,
	author = {Schwarzwald, Ora (Rodrigue)},
	journal = {Hebrew Abstracts},
	pages = {95--96},
	sortname = {Schwarzwald, Ora (Rodrigue)},
	title = {Roots and Patterns in the {Modern} {Hebrew} Lexicon},
	volume = {14},
	year = {1973}
}

@article{schaefervivanco16,
	author = {Schäfer, Florian and Margot Vivanco},
	doi = {10.5334/gjgl.36},
	issue = {18},
	journal = {Glossa},
	journaltitle = {Glossa},
	number = {18},
	pages = {\biberror{no pages}},
	sortname = {Schafer, Florian and Margot Vivanco},
	title = {Anticausatives are weak scalar expressions, not reflexive expressions},
	volume = {1},
	year = {2016}
}

@article{schaefer12,
	author = {Sch{ä}fer, Florian},
	journal = {The Journal of Comparative Germanic Linguistics},
	number = {3},
	pages = {213--268},
	sortname = {Sch{a}fer, Florian},
	title = {The passive of reflexive verbs and its implications for theories of binding and case},
	volume = {15},
	year = {2012}
}

@article{rotsteinwinter04,
	author = {Rotstein, Carmen and Yoad Winter},
	journal = {Natural Language Semantics},
	pages = {259--288},
	title = {Total adjectives vs. Partial adjectives: Scale structure and higher-order modifiers},
	volume = {12},
	year = {2004}
}

@article{ritter95,
	author = {Elizabeth Ritter},
	journal = {Natural Language and Linguistic Theory},
	number = {3},
	pages = {405--443},
	title = {On the Syntactic Category of Pronouns and Agreement},
	volume = {13},
	year = {1995}
}

@article{reinhartsiloni05,
	author = {Tanya Reinhart and Tal Siloni},
	journal = {Linguistic Inquiry},
	number = {3},
	pages = {389--436},
	title = {The Lexicon-Syntax Parameter: Reflexivization and Other Arity Operations},
	volume = {36},
	year = {2005}
}

@article{reinhart02,
	author = {Reinhart, Tanya},
	journal = {Theoretical Linguistics},
	journaltitle = {Theoretical Linguistics},
	pages = {229--290},
	title = {The theta system: An overview},
	volume = {28},
	year = {2002}
}

@article{ravid90,
	author = {Ravid, Dorit},
	journal = {Folia Linguistica},
	pages = {289--347},
	title = {Internal structure constraints on new-word formation devices in {Modern} {Hebrew}},
	volume = {24},
	year = {1990}
}

@article{preminger13tlr,
	author = {Omer Preminger},
	journal = {The Linguistic Review},
	number = {3},
	pages = {491--500},
	title = {That's not how you agree: A reply to {Zeijlstra}},
	volume = {30},
	year = {2013}
}

@article{poortmanetal18,
	author = {Eva B. Poortman and Marijn E. Struiksma and Nir Kerem and Naama Friedmann and Yoad Winter},
	doi = {10.5334/gjgl.180},
	journal = {Glossa: a journal of general linguistics},
	month = {feb},
	number = {1},
	pages = {18},
	publisher = {Ubiquity Press, Ltd.},
	title = {Reciprocal expressions and the Maximal Typicality Hypothesis},
	volume = {3},
	year = {2018}
}

@article{pollock89,
	author = {Jean-Yves Pollock},
	journal = {Linguistic Inquiry},
	number = {3},
	pages = {365--424},
	title = {Verb movement, {UG}, and the structure of {IP}},
	volume = {20},
	year = {1989}
}

@article{pak16,
	author = {Marjorie Pak},
	journal = {Glossa},
	number = {1},
	pages = {20},
	title = {How allomorphic is {English} article allomorphy?},
	volume = {1},
	year = {2016}
}

@article{ouhalla16,
	author = {Jamal Ouhalla},
	issue = {1},
	journal = {Brill's Journal of Afroasiatic Languages and Linguistics},
	pages = {200--222},
	title = {Root-Extraction: Roots, Verbs and Nouns `Need' in {Arabic}},
	volume = {8},
	year = {2016}
}

@article{nie20,
	author = {Yining Nie},
	journal = {Word Structure},
	number = {1},
	pages = {102--126},
	title = {Morphological causatives are Voice over Voice},
	volume = {13},
	year = {2020}
}

@article{neeleman97,
	author = {Ad Neeleman},
	doi = {10.1023/a:1005700831534},
	journal = {Natural Language and Linguistic Theory},
	number = {1},
	pages = {89--137},
	title = {{PP}-Complements},
	volume = {15},
	year = {1997}
}

@article{miyagawa98,
	author = {Shigeru Miyagawa},
	journal = {Journal of Japanese Linguistics},
	pages = {67--110},
	title = {(S)ase as an elsewhere causative and the syntactic nature of words},
	volume = {16},
	year = {1998}
}

@article{meltzerasscher11,
	author = {Meltzer-Asscher, Aya},
	journal = {Natural Language and Linguistic Theory},
	number = {3},
	pages = {815--855},
	title = {Adjectival passives in {Hebrew}: Evidence for parallelism between the adjectival and verbal systems},
	volume = {29},
	year = {2011}
}

@article{mccloskey14,
	author = {McCloskey, James},
	journal = {Syntax},
	number = {4},
	pages = {343--384},
	title = {{Irish} Existentials in Context},
	volume = {17},
	year = {2014}
}

@article{matushansky19,
	author = {Ora Matushansky},
	journal = {Linguistic Inquiry},
	number = {1},
	pages = {63--104},
	title = {Against the {PredP} theory of small clauses},
	volume = {50},
	year = {2019}
}

@article{linzen14pd,
	author = {Tal Linzen},
	journal = {Linguistics},
	number = {3},
	pages = {759--792},
	title = {Parallels between cross-linguistic and language-internal variation in {Hebrew} possessive constructions},
	volume = {52},
	year = {2014}
}

@article{lidz01,
	author = {Jeffrey Lidz},
	journal = {Natural Language and Linguistic Theory},
	number = {2},
	pages = {311--353},
	title = {The Argument Structure of Verbal Reflexives},
	volume = {19},
	year = {2001}
}

@article{levinrappaport86,
	author = {Beth Levin and Malka Rappaport},
	journal = {Linguistic Inquiry},
	number = {4},
	pages = {623--661},
	title = {The Formation of Adjectival Passives},
	volume = {17},
	year = {1986}
}

@article{legate12lang,
	author = {Legate, Julie Anne},
	journal = {Language},
	number = {3},
	pages = {495--525},
	title = {Subjects in {Acehnese} And The Nature of The Passive},
	volume = {12},
	year = {2012}
}

@article{landau10,
	author = {Idan Landau},
	journal = {Linguistic Inquiry},
	number = {3},
	pages = {357--388},
	title = {The Explicit Syntax of Implicit Arguments},
	volume = {41},
	year = {2010}
}

@article{landau06,
	author = {Idan Landau},
	journal = {Syntax},
	number = {1},
	pages = {32--66},
	title = {Chair Resolution in {Hebrew} {V}({P})-fronting},
	volume = {9},
	year = {2006}
}

@article{lakscohen16,
	author = {Lior Laks and Cohen, Evan-Gary},
	journal = {Morphology},
	pages = {425--452},
	title = {Component-dependent allomorphy and paradigm accessibility: Evidence from {Hebrew}},
	volume = {26},
	year = {2016}
}

@article{laks18,
	author = {Lior Laks},
	doi = {10.1418/91867},
	journal = {Lingue e linguaggio},
	number = {2},
	pages = {233--260},
	title = {Morphological compensation for empty paradigm cells},
	volume = {17},
	year = {2018}
}

@article{laks15ws,
	author = {Lior Laks},
	journal = {Word Structure},
	number = {1},
	pages = {1--28},
	title = {Variation and change in instrument noun formation in {Hebrew} and its relation to the verbal system},
	volume = {8},
	year = {2015}
}

@article{laks14,
	author = {Lior Laks},
	journal = {Lingua},
	pages = {107--127},
	title = {Morpho-thematic mismatches in {Hebrew}: What happens when morphological and thematic criteria collide?},
	volume = {138},
	year = {2014}
}

@article{laks13morpho,
	author = {Lior Laks},
	journal = {Morphology},
	pages = {351--383},
	title = {Why and how do {Hebrew} verbs change their form? A morpho-thematic account},
	volume = {23},
	year = {2013}
}

@article{labelle08,
	author = {Marie Labelle},
	journal = {Natural Language and Linguistic Theory},
	pages = {833--876},
	title = {The {French} reflexive and reciprocal \emph{se}},
	volume = {26},
	year = {2008}
}

@article{kramer16li,
	author = {Ruth Kramer},
	journal = {Linguistic Inquiry},
	pages = {527--559},
	title = {A Split Analysis of Plurality: Number in {Amharic}},
	volume = {47},
	year = {2016}
}

@article{kramer14,
	author = {Ruth Kramer},
	journal = {Language Sciences},
	pages = {102--115},
	title = {Gender in {Amharic}: A Morphosyntactic Approach to Natural and Grammatical Gender},
	volume = {43},
	year = {2014}
}

@article{koopman05,
	author = {Hilda Koopman},
	journal = {Linguistic Inquiry},
	number = {4},
	pages = {601--633},
	title = {{Korean} (and {Japanese}) Morphology from a Syntactic Perspective},
	volume = {36},
	year = {2005}
}

@article{koontzgarboden09,
	author = {Andrew Koontz-Garboden},
	journal = {Natural Language and Linguistic Theory},
	number = {1},
	pages = {77--138},
	title = {Anticausativization},
	volume = {27},
	year = {2009}
}

@article{kastnerzu17,
	author = {Itamar Kastner and Vera Zu},
	journal = {Morphology},
	number = {4},
	pages = {643--684},
	title = {Blocking and Paradigm Gaps},
	volume = {27},
	year = {2017}
}

@article{kastnermoskal18,
	author = {Itamar Kastner and Beata Moskal},
	journal = {Snippets},
	pages = {1},
	title = {Non-local contextual allomorphy: Introduction to the special issue},
	volume = {34},
	year = {2018}
}

@article{kastneretal18,
	author = {Itamar Kastner and Liina Pylkkänen and Alec Marantz},
	doi = {10.3389/fpsyg.2018.02163},
	journal = {Frontiers in Psychology},
	number = {2163},
	pages = {\biberror{no pages}},
	sortname = {Itamar Kastner and Liina Pylkkanen and Alec Marantz},
	title = {The form of morphemes: {MEG} evidence from masked priming of two {Hebrew} templates},
	volume = {9},
	year = {2018}
}

@article{kastneradriaans17,
	author = {Itamar Kastner and Frans Adriaans},
	doi = {10.1111/cogs.12521},
	journal = {Cognitive Science},
	number = {S2},
	pages = {494--518},
	title = {Linguistic constraints on statistical word segmentation: The role of consonants in {Arabic} and {English}},
	volume = {42},
	year = {2018}
}

@article{kastner19tlr,
	author = {Itamar Kastner},
	doi = {10.1515/tlr-2019-2025},
	journal = {The Linguistic Review},
	pages = {437--451},
	title = {Inchoatives in causative clothing: Change of state in {Modern} {Hebrew} {heXYiZ}},
	volume = {36},
	number = {3},
	year = {2019}
}

@article{kastner18nllt,
	author = {Itamar Kastner},
	doi = {10.1007/s11049-018-9419-y},
	journal = {Natural Language and Linguistic Theory},
	number = {2},
	pages = {571--619},
	title = {Templatic morphology as an emergent property: Roots and functional heads in {Hebrew}},
	volume = {37},
	year = {2019}
}

@article{kastner17gjgl,
	author = {Itamar Kastner},
	doi = {10.5334/gjgl.299},
	journal = {Glossa},
	number = {1},
	pages = {75},
	title = {Reflexive verbs in {Hebrew}: Deep unaccusativity meets lexical semantics},
	volume = {2},
	year = {2017}
}

@article{kastner15lingua,
	author = {Itamar Kastner},
	journal = {Lingua},
	pages = {156--188},
	title = {Factivity mirrors interpretation: The selectional requirements of presuppositional verbs},
	volume = {164},
	year = {2015}
}

@article{johnson91,
	author = {Kyle Johnson},
	doi = {10.1007/bf00134751},
	journal = {Natural Language and Linguistic Theory},
	number = {4},
	pages = {577--636},
	title = {Object positions},
	volume = {9},
	year = {1991}
}

@article{jjmcc89li,
	author = {McCarthy, John J.},
	journal = {Linguistic Inquiry},
	pages = {71--99},
	title = {Linear order in phonological representation},
	volume = {20},
	year = {1989}
}

@article{jjmcc81,
	author = {McCarthy, John J.},
	journal = {Linguistic Inquiry},
	pages = {373--418},
	title = {A prosodic theory of nonconcatenative morphology},
	volume = {12},
	year = {1981}
}

@article{jerro17,
	author = {Kyle Jerro},
	doi = {10.1017/s0022226717000044},
	journal = {Journal of Linguistics},
	number = {4},
	pages = {751--788},
	title = {The causative{\textendash}instrumental syncretism},
	volume = {53},
	year = {2017}
}

@article{irwin19tlr,
	author = {Patricia Irwin},
	doi = {10.1515/tlr-2019-2021},
	journal = {The Linguistic Review},
	pages = {343--363},
	title = {How do you smile along a path? Bodies and the semantic content of unergative roots},
	volume = {36},
	number = {3},
	year = {2019}
}

@article{inkelas93,
	author = {Sharon Inkelas},
	journal = {Natural Language and Linguistic Theory},
	pages = {559--624},
	title = {{Nimboran} position class morphology},
	volume = {11},
	year = {1993}
}

@incollection{hyman03,
	author = {Hyman, Larry M.},
	journal = {Yearbook of Morphology 2002},
	editor = {Geert Booij and van Marle, Jaap},
	publisher = {Springer},
	address = {Dordrecht},
	pages = {245--281},
	title = {Suffix ordering in {Bantu}: A morphocentric approach},
	year = {2003}
}

@article{horvathsiloni09,
	author = {Julia Horvath and Tal Siloni},
	journal = {Brill's Annual of Afroasiatic Languages and Linguistics},
	pages = {283--310},
	title = {{Hebrew} Idioms: The organization of the lexical Component},
	volume = {1},
	year = {2009}
}

@article{horvath81,
	author = {Horvath, Julia},
	booktitle = {Extended Word-and-Paradigm Theory},
	editor = {Thomas-Finders, T.},
	journal = {UCLA Occasional Papers in Linguistics},
	pages = {228--261},
	title = {On the status of vowel patterns in {Modern} {Hebrew}: Morphological rules and lexical representation},
	volume = {4},
	year = {1981}
}

@article{higginbotham85,
	author = {James Higginbotham},
	journal = {Linguistic Inquiry},
	number = {4},
	pages = {547--593},
	title = {On Semantics},
	volume = {16},
	year = {1985}
}

@article{henderson17nllt,
	author = {Robert Henderson},
	journal = {Natural Language and Linguistic Theory},
	number = {1},
	pages = {161--203},
	title = {Swarms: Spatiotemporal grouping across domains},
	volume = {35},
	year = {2017}
}

@article{hazout95,
	author = {Ilan Hazout},
	journal = {Natural Language and Linguistic Theory},
	pages = {355--404},
	title = {Action Nominalizations and the Lexicalist Hypothesis},
	volume = {13},
	year = {1995}
}

@article{havronarnon17jcl,
	author = {Naomi Havron and Inbal Arnon},
	journal = {Journal of Child Language},
	pages = {1516--1538},
	title = {Minding the gaps: Literacy enhances lexical segmentation in children learning to read},
	volume = {44},
	year = {2017}
}

@article{harveskayne12,
	author = {Stephanie Harves and Richard S. Kayne},
	journal = {Linguist Inquiry},
	number = {1},
	pages = {120--132},
	title = {Having 'need' and needing 'have'},
	volume = {43},
	year = {2012}
}

@article{harris41,
	author = {Harris, Zellig},
	journal = {Journal of the American Oriental Society},
	pages = {143--167},
	title = {Linguistic structure of {Hebrew}},
	volume = {62},
	year = {1941}
}

@article{harley14thlib,
	author = {Heidi Harley},
	journal = {Theoretical Linguistics},
	number = {3/4},
	pages = {447--474},
	title = {Reply to commentaries, ``On the identity of roots''},
	volume = {40},
	year = {2014}
}

@article{harley14thlia,
	author = {Heidi Harley},
	journal = {Theoretical Linguistics},
	number = {3/4},
	pages = {225--276},
	title = {On the Identity of Roots},
	volume = {40},
	year = {2014}
}

@article{harley13lingua,
	author = {Heidi Harley},
	journal = {Lingua},
	pages = {34--57},
	title = {External arguments and the {Mirror} {Principle}: On the distinctness of {Voice} and v},
	volume = {125},
	year = {2013}
}

@article{harbour14,
	author = {Daniel Harbour},
	doi = {10.1353/lan.2014.0003},
	journal = {Language},
	number = {1},
	pages = {185--229},
	title = {Paucity, abundance, and the theory of number},
	volume = {90},
	year = {2014}
}

@article{harbour11,
	author = {Daniel Harbour},
	journal = {Linguistic Inquiry},
	number = {4},
	pages = {561--594},
	title = {Valence and Atomic Number},
	volume = {42},
	year = {2011}
}

@article{harbour08,
	author = {Daniel Harbour},
	journal = {Morphology},
	pages = {75--92},
	title = {On homophony and methodology in morphology},
	volume = {18},
	year = {2008}
}

@article{harbour03,
	author = {Daniel Harbour},
	journal = {Natural Language and Linguistic Theory},
	pages = {543--578},
	title = {The {Kiowa} Case for Feature Insertion},
	volume = {21},
	year = {2003}
}

@article{grestenberger18,
	author = {Laura Grestenberger},
	journal = {Language},
	number = {3},
	pages = {487--526},
	title = {Deponency in finite and non-finite contexts},
	volume = {94},
	year = {2018}
}

@article{greenberg10,
	author = {Yael Greenberg},
	journal = {Brill's Annual of Afroasiatic Languages and Linguistics},
	number = {1},
	pages = {119--164},
	title = {Event Internal Pluractionality in {Modern} {Hebrew}: A Semantic Analysis of One Verbal Reduplication Pattern},
	volume = {2},
	year = {2010}
}

@article{gouskovaetal15,
	author = {Gouskova, Maria and Newlin-{\L}ukowicz, Luiza and Sofya Kasyanenko},
	journal = {Lingua},
	pages = {41--81},
	sortname = {Gouskova, Maria and Newlin-{\L}ukowicz, Luiza and Sofya Kasyanenko},
	title = {Selectional restrictions as phonotactics over sublexicons},
	volume = {167},
	year = {2015}
}

@article{gouskova19jsl,
	author = {Maria Gouskova},
	journal = {Journal of Slavic Linguistics},
	number = {2},
	pages = {161--211},
	title = {Phonological words in the syntax and the lexicon: A study of {Russian} prepositions},
	volume = {27},
	year = {2019}
}

@article{gouskova12nllt,
	author = {Maria Gouskova},
	journal = {Natural Language and Linguistic Theory},
	pages = {79--133},
	title = {Unexceptional segments},
	volume = {30},
	year = {2012}
}

@article{gehrkemarco14,
	author = {Berit Gehrke and Cristina Marco},
	journal = {Lingua},
	pages = {188--214},
	title = {Different \emph{by}-phrases with adjectival and verbal passives: Evidence from {Spanish} corpus data},
	volume = {149},
	year = {2014}
}

@article{gafter14li,
	author = {Roey Gafter},
	journal = {Linguistic Inquiry},
	number = {3},
	pages = {482--500},
	title = {The Distribution of the {Hebrew} Possessive Dative Construction: Guided by unaccusativity or prominence?},
	volume = {45},
	year = {2014}
}

@article{frostetal97,
	author = {Ram Frost and Forster, Kenneth I. and Avital Deutsch},
	journal = {Journal of Experimental Psychology: Learning, Memory, and Cognition},
	number = {4},
	pages = {829--856},
	title = {What Can We Learn From the Morphology of {Hebrew}? A Masked-Priming Investigation of Morphological Representation},
	volume = {23},
	year = {1997}
}

@article{folliharley08,
	author = {Folli, Raffaella and Harley, Heidi},
	journal = {Lingua},
	pages = {190--202},
	title = {Teleology and animacy in external arguments},
	volume = {118},
	year = {2008}
}

@article{fodor70,
	author = {Jerry Fodor},
	journal = {Linguistic Inquiry},
	pages = {35--56},
	title = {Three reasons for not deriving Kill from Cause to Die},
	volume = {16},
	year = {1970}
}

@article{fmdpmetal05jml,
	author = {Moscoso del Prado Martín, Fermín and Avital Deutsch and Ram Frost and Robert Schreuder and De Jong, Nivja H. and Baayen, R. Harald},
	journal = {Journal of Memory and Language},
	pages = {496--512},
	sortname = {Moscoso del Prado Martin, Fermin and Avital Deutsch and Ram Frost and Robert Schreuder and De Jong, Nivja H. and Baayen, R. Harald},
	title = {Changing places: A cross-language perspective on frequency and family size in {Dutch} and {Hebrew}},
	volume = {53},
	year = {2005}
}

@article{fausthever10,
	author = {Noam Faust and Ya'ar Hever},
	journal = {Brill's Annual of Afroasiatic Languages and Linguistics},
	pages = {80--118},
	sortname = {Noam Faust and Ya'ar Hever},
	title = {Empirical and Theoretical Arguments in Favor of the Discontinuous Root in {Semitic} Languages},
	volume = {20},
	year = {2010}
}

@article{faust19,
	author = {Noam Faust},
	doi = {10.1515/tlr-2019-2030},
	journal = {The Linguistic Review},
	pages = {575--599},
	title = {New reasons to root for the {Semitic} root from {Mehri} and {Neo}-{Aramaic}},
	volume = {36},
	number = {3},
	year = {2019}
}

@article{faust18gjgl,
	author = {Noam Faust},
	doi = {10.5334/gjgl.228},
	journal = {Glossa},
	number = {1},
	pages = {\biberror{no pages}},
	title = {Exponence, allomorphy and haplology in the number and State morphology of {Modern} {Hebrew}},
	volume = {3},
	year = {2018}
}

@article{faust16,
	author = {Noam Faust},
	journal = {Morphology},
	number = {3},
	pages = {379--397},
	title = {Weak radicals, weak suppletion, and phonological indices in {Semitic}},
	volume = {26},
	year = {2016}
}

@article{faust12,
	author = {Noam Faust},
	journal = {Morphology},
	number = {4},
	pages = {453--484},
	title = {Non-concatenative realization in the verbal inflection of {Modern} {Hebrew}},
	volume = {22},
	year = {2012}
}

@article{farkas88,
	author = {Farkas, Donka},
	journal = {Linguistics and Philosophy},
	pages = {27--58},
	title = {On Obligatory Control},
	volume = {11},
	year = {1988}
}

@article{enguehardfaust18,
	author = {Guillaume Enguehard and Noam Faust},
	journal = {Linguistic Inquiry},
	number = {4},
	pages = {685--721},
	title = {Guttural Ghosts in {Modern} {Hebrew}},
	volume = {49},
	year = {2018}
}

@article{engelhardt00,
	author = {Miriam Engelhardt},
	journal = {Natural Language and Linguistic Theory},
	pages = {41--88},
	title = {The Projection of Argument-Taking Nominals},
	volume = {18},
	year = {2000}
}

@article{embicknoyer01,
	author = {Embick, David and Noyer, Rolf},
	journal = {Linguistic Inquiry},
	number = {4},
	pages = {555--595},
	title = {Movement Operations after Syntax},
	volume = {32},
	year = {2001}
}

@article{embick04li,
	author = {David Embick},
	journal = {Linguistic Inquiry},
	number = {3},
	pages = {355--392},
	title = {On the Structure of Resultative Participles in {English}},
	volume = {35},
	year = {2004}
}

@article{dowty91,
	author = {Dowty, David},
	journal = {Language},
	pages = {547--619},
	title = {Thematic Proto-Roles and Argument Selection},
	volume = {67},
	year = {1991}
}

@article{doron03,
	author = {Edit Doron},
	doi = {10.1023/A:1023021423453},
	journal = {Natural Language Semantics},
	pages = {1--67},
	title = {Agency and Voice: The Semantics of the {Semitic} Templates},
	volume = {11},
	year = {2003}
}

@article{doron00,
	author = {Edit Doron},
	journal = {\emph{Balshanut Ivrit} [Hebrew Linguistics]},
	pages = {39--62},
	title = {\emph{habeynoni hasavil} [The passive participle]},
	volume = {47},
	year = {2000}
}

@article{deutschkuperman18,
	author = {Avital Deutsch and Victor Kuperman},
	doi = {10.1080/23273798.2018.1513541},
	journal = {Language, Cognition and Neuroscience},
	pages = {87--100},
	title = {Formal and semantic effects of morphological families on word recognition in {Hebrew}},
	volume = {34},
	number = {1},
	year = {2018}
}

@article{deutschetal16,
	author = {Avital Deutsch and Hadas Velan and Tamar Michaly},
	doi = {10.1080/17470218.2016.1250788},
	journal = {The Quarterly Journal of Experimental Psychology},
	pages = {85--92},
	title = {Decomposition in a non-concatenated morphological structure involves more than just the roots: Evidence from fast priming},
	volume = {71},
	number = {1},
	year = {2016}
}

@article{deutsch16,
	author = {Avital Deutsch},
	journal = {Journal of Psycholinguistic Research},
	pages = {1--28},
	title = {The Separability of Morphological Processes from Semantic Meaning and Syntactic Class in Production of Single Words: Evidence from the {Hebrew} Root Morpheme},
	volume = {45},
	year = {2016}
}

@article{dendikken10,
	author = {Den Dikken, Marcel.},
	journal = {Catalan Journal of Linguistics},
	pages = {23--53},
	title = {Directions from the {GET}-{GO}},
	volume = {9},
	year = {2010}
}

@article{deal19li,
	author = {Deal, Amy Rose},
	doi = {10.1162/ling_a_00310},
	journal = {Linguistic Inquiry},
	number = {2},
	pages = {388--415},
	title = {Raising to Ergative: Remarks on Applicatives of Unaccusatives},
	volume = {50},
	year = {2019}
}

@article{danon01,
	author = {Gabi Danon},
	journal = {Linguistics},
	number = {6},
	pages = {1071--1116},
	title = {Syntactic definiteness in the grammar of {Modern {Hebrew}}},
	volume = {39},
	year = {2001}
}

@article{cuervo14,
	author = {Cuervo, Mar\'ıa Cristina},
	journal = {Lingua},
	pages = {48--70},
	sortname = {Cuervo, Mar\'ıa Cristina},
	title = {Alternating unaccusatives and the distribution of roots},
	volume = {141},
	year = {2014}
}

@article{colesridhar77,
	author = {Peter Cole and Sridhar, S. N.},
	journal = {Linguistic Inquiry},
	number = {4},
	pages = {700--713},
	title = {Clause Union and {Relational} {Grammar}: Evidence from {Hebrew} and {Kannada}},
	volume = {8},
	year = {1977}
}

@article{choiharley19,
	author = {Jaehoon Choi and Heidi Harley},
	journal = {Natural Language and Linguistic Theory},
	pages = {1319--1365},
	title = {Locality domains and morphological rules: Phases, heads, node-sprouting and suppletion in {Korean} honorification},
	volume = {37},
	year = {2019}
}

@article{bruening14nllt,
	author = {Benjamin Bruening},
	journal = {Natural Language and Linguistic Theory},
	number = {2},
	pages = {363--422},
	title = {Word Formation is Syntactic: Adjectival Passives in {English}},
	volume = {32},
	year = {2014}
}

@article{bruening13,
	author = {Benjamin Bruening},
	journal = {Syntax},
	pages = {1--41},
	title = {\textit{By} Phrases in Passives and Nominals},
	volume = {16},
	year = {2013}
}

@article{brice16,
	author = {Henry Brice},
	journal = {Morphology},
	pages = {159--177},
	title = {The root and word distinction: An experimental study of {Hebrew} denominal verbs},
	volume = {27},
	year = {2016}
}

@article{bowers93,
	author = {John Bowers},
	journal = {Linguistic Inquiry},
	pages = {591--656},
	title = {The syntax of predication},
	volume = {24},
	year = {1993}
}

@article{borer95,
	author = {Hagit Borer},
	journal = {Natural Language and Linguistic Theory},
	number = {3},
	pages = {527--606},
	title = {The Ups and Downs of {Hebrew} Verb Movement},
	volume = {13},
	year = {1995}
}

@article{borer91,
	author = {Borer, Hagit},
	journal = {The Linguistic Review},
	pages = {119--158},
	title = {The causative-inchoative alternation: A case study in {Parallel} {Morphology}},
	volume = {8},
	year = {1991}
}

@article{borer14thli,
	author = {Hagit Borer},
	issue = {3/4},
	journal = {The Linguistic Review},
	pages = {343--359},
	title = {Wherefore roots?},
	volume = {40},
	year = {2014}
}

@article{borer14lingua,
	author = {Hagit Borer},
	journal = {Lingua},
	pages = {71--96},
	title = {Derived nominals and the domain of content},
	volume = {141},
	year = {2014}
}

@article{bonehnash17,
	author = {Nora Boneh and Léa Nash},
	doi = {10.1007/s11049-017-9360-5},
	journal = {Natural Language and Linguistic Theory},
	number = {4},
	pages = {899--953},
	sortname = {Nora Boneh and Lea Nash},
	title = {The syntax and semantics of dative {DPs} in {Russian} ditransitives},
	volume = {35},
	year = {2017}
}

@article{bolozky78,
	author = {Bolozky, Shmuel},
	journal = {Afroasiatic Linguistics},
	pages = {1--26},
	title = {Word formation processes in the {Hebrew} verb system: Denominative verbs},
	volume = {5},
	year = {1978}
}

@article{bittner99,
	author = {Maria Bittner},
	doi = {10.1023/a:1008313608525},
	journal = {Natural Language Semantics},
	number = {1},
	pages = {1--78},
	title = {Concealed Causatives},
	volume = {7},
	year = {1999}
}

@article{berman93jcl,
	author = {Ruth Berman},
	doi = {10.1017/S0305000900008527},
	journal = {Journal of Child Language},
	pages = {1--28},
	title = {Marking of verb transitivity by {Hebrew} speaking children},
	volume = {20},
	year = {1993}
}

@article{berman82,
	author = {Ruth Berman},
	doi = {10.1017/S030500090000369X},
	journal = {Journal of Child Language},
	pages = {169--191},
	title = {Verb-pattern alternation: The interface of morphology, syntax and semantics in {Hebrew}},
	volume = {9},
	year = {1982}
}

@article{bellettirizzi88,
	author = {Belletti, Adriana and Luigi Rizzi},
	journal = {Natural Language and Linguistic Theory},
	pages = {291--352},
	title = {Psych Verbs and Theta-theory},
	volume = {6},
	year = {1988}
}

@article{bejarrezac09,
	author = {Susana Béjar and Milan Rezac},
	journal = {Linguistic Inquiry},
	number = {1},
	pages = {35--73},
	sortname = {Susana Bejar and Milan Rezac},
	title = {Cyclic {Agree}},
	volume = {40},
	year = {2009}
}

@article{beaverskoontzgarboden12,
	author = {Beavers, John and Koontz-Garboden, Andrew},
	journal = {Linguistic Inquiry},
	number = {3},
	pages = {331--369},
	title = {Manner and Result in the Roots of Verbal Meaning},
	volume = {43},
	year = {2012}
}

@article{batel94,
	author = {Bat-El, Outi},
	doi = {10.1007/BF00992928},
	journal = {Natural Language and Linguistic Theory},
	pages = {571--596},
	title = {Stem modification and cluster transfer in {Modern} {Hebrew}},
	volume = {12},
	year = {1994}
}

@article{batel03,
	author = {Bat-El, Outi},
	journal = {Recherches Linguistiques de Vincennes},
	pages = {31--60},
	title = {The fate of the consonantal root and the binyan in {Optimality} {Theory}},
	volume = {32},
	year = {2003}
}

@article{batel02lang,
	author = {Bat-El, Outi},
	journal = {Language},
	pages = {651--683},
	title = {True truncation in colloquial {Hebrew} imperatives},
	volume = {78},
	year = {2002}
}

@article{bakeretal89,
	author = {Mark Baker and Kyle Johnson and Ian Roberts},
	journal = {Linguistic Inquiry},
	number = {2},
	pages = {219--251},
	title = {Passive Arguments Raised},
	volume = {20},
	year = {1989}
}

@article{baker85,
	author = {Baker, Mark},
	journal = {Linguistic Inquiry},
	number = {3},
	pages = {373--415},
	title = {The Mirror Principle and Morphosyntactic Explanation},
	volume = {16},
	year = {1985}
}

@article{ashkenazietal16,
	author = {Orit Ashkenazi and Dorit Ravid and Steven Gillis},
	doi = {10.1177/0142723716648865},
	journal = {First Language},
	number = {5},
	pages = {505--524},
	title = {Breaking into the {Hebrew} verb system: A learning problem},
	volume = {36},
	year = {2016}
}

@article{aronoff07,
	author = {Mark Aronoff},
	journal = {Language},
	number = {4},
	pages = {803--830},
	title = {In the Beginning was the Word},
	volume = {83},
	year = {2007}
}

@article{arieletal15,
	author = {Mira Ariel and Elitzur Dattner and Du Bois, John W. and Tal Linzen},
	journal = {Studies in Language},
	number = {2},
	pages = {257--321},
	title = {Pronominal datives: The royal road to argument status},
	volume = {39},
	year = {2015}
}

@article{arad03,
	author = {Maya Arad},
	journal = {Natural Language and Linguistic Theory},
	pages = {737--778},
	title = {Locality Constraints on the Interpretation of Roots: The Case of {Hebrew} Denominal Verbs},
	volume = {21},
	year = {2003}
}

@article{anagnostopoulou14thli,
	author = {Elena Anagnostopoulou},
	journal = {Theoretical Linguistics},
	number = {3/4},
	pages = {299--310},
	title = {Roots and domains},
	volume = {40},
	year = {2014}
}

@article{alkaabintelitheos19,
	author = {Al Kaabi, Meera and Dimitrios Ntelitheos},
	doi = {10.5334/gjgl.428},
	issue = {132},
	journal = {Glossa: a journal of general linguistics},
	number = {1},
	pages = {\biberror{no pages}},
	title = {Rethinking templates: A syntactic analysis of verbal morphology in {Emirati} {Arabic}},
	volume = {4},
	year = {2019}
}

@article{alexiadouetal14,
	author = {Artemis Alexiadou and Berit Gehrke and Florian Schäfer},
	journal = {Lingua},
	pages = {118--138},
	sortname = {Artemis Alexiadou and Berit Gehrke and Florian Schafer},
	title = {The argument structure of adjectival participles revisited},
	volume = {149},
	year = {2014}
}

@article{alexiadouetal13jcgl,
	author = {Artemis Alexiadou and Gianina Iordăchioaia and Mariángeles Cano and Fabienne Martin and Florian Schäfer},
	doi = {10.1007/s10828-014-9062-x},
	journal = {The Journal of Comparative Germanic Linguistics},
	month = {oct},
	number = {2/3},
	pages = {73--95},
	sortname = {Artemis Alexiadou and Gianina Iordachioaia and Mariangeles Cano and Fabienne Martin and Florian Schafer},
	title = {The realization of external arguments in nominalizations},
	volume = {16},
	year = {2013}
}

@article{alexiadoudoron12,
	author = {Artemis Alexiadou and Edit Doron},
	journal = {Journal of Linguistics},
	pages = {1--34},
	title = {The syntactic construction of two non-active {Voices}: Passive and middle},
	volume = {48},
	year = {2012}
}

@article{alexiadou10b,
	author = {Artemis Alexiadou},
	journal = {Language and Linguistics Compass},
	number = {7},
	pages = {512--523},
	title = {Nominalizations: A Probe into the Architecture of Grammar. {Part} {II}: The Aspectual Properties of Nominalizations, and the Lexicon vs.~Syntax Debate},
	volume = {4},
	year = {2010}
}
